5194 6602
593 787 666 858 228
927 777 1023 870 libe
1047 773 1462 868 ttttiencosoon
1488 773 1538 864 ot
1568 771 1753 864 ilttstol

587 991 675 1060 ville
722 994 786 1060 det
836 987 943 1060 alieni
986 989 1183 1078 prmbltero
1223 1005 1290 1077 pm

588 1128 736 1196 annuali
772 1129 922 1198 seruicio
958 1149 1023 1196 suo
1058 1147 1123 1216 per
1157 1145 1291 1196 mnam

585 1267 778 1352 plusquam
821 1285 872 1334 os.
915 1265 1015 1334 nullo
1062 1265 1190 1346 colore,
1228 1265 1292 1333 sel

590 1421 753 1470 mensam
790 1421 891 1470 suam
927 1415 964 1470 et
999 1404 1064 1468 xls.
1098 1403 1165 1470 sub
1200 1419 1295 1488 pens

591 1539 753 1606 soluendi
765 1539 1020 1607 communitati
1029 1549 1169 1606 mnium
1179 1557 1293 1625 quan-

592 1686 667 1742 tam
684 1675 747 1741 dat
761 1675 875 1742 eidem
890 1675 1096 1762 presbitero.

635 1829 687 1878 se
710 1807 803 1878 Item¹
816 1811 848 1878 si
862 1811 992 1898 aliquis
1013 1811 1097 1878 talis
1117 1811 1292 1898 presbiter

585 1945 627 2012 in
654 1946 804 2015 senrieio
827 1947 977 2035 alicujus
999 1949 1083 2016 talis
1103 1950 1292 2038 burgensis

583 2084 744 2152 existens
765 2084 907 2172 publioe
927 2085 1168 2172 deprehensus
1184 2085 1290 2156 luerit

584 2220 624 2286 in
638 2219 875 2288 fornicatione
890 2222 1011 2288 stetim
1033 2233 1286 2290 ammoneatur.

584 2355 633 2424 Et
660 2359 756 2444 quod
784 2359 905 2426 nullus
933 2359 1122 2448 burgensis
1160 2359 1287 2428 itemm

581 2493 693 2561 talem
728 2494 964 2582 presbiterum
1003 2495 1178 2566 eonduoat
1220 2499 1289 2566 sub

581 2647 679 2714 pena
706 2631 821 2698 tocius
850 2633 971 2699 suarii
1000 2631 1056 2700 sui
1084 2651 1135 2700 cs.

629 2787 681 2833 rr.
705 2765 1029 2854 Itemquodnullus
1038 2769 1288 2856 cujuscumque

581 2901 804 2970 condicionis
832 2903 936 2972 luerit
971 2906 1123 2992 proiciat
1150 2907 1289 2976 vrinam

585 3036 643 3102 vel
658 3055 787 3123 aquom
802 3037 949 3106 fetidam
964 3041 1041 3108 siue
1055 3041 1288 3128 putrefactam

578 3171 622 3238 in
638 3173 727 3240 vicis
748 3183 851 3255 entra
871 3173 1064 3246 fenestram
1084 3181 1142 3248 vel
1156 3181 1286 3248 ostium

580 3309 650 3374 sub
664 3328 759 3395 pena
772 3309 844 3379 xld.

625 3466 677 3514 ιι.
700 3445 792 3516 Item
803 3450 899 3535 quod
908 3453 1285 3524 nullusmittetlsnsm

575 3593 724 3650 vnctam
769 3595 872 3656 extra
913 3588 1038 3656 villam
1083 3592 1151 3682 sub
1193 3611 1288 3677 pena

576 3717 767 3804 cujuslibet
794 3733 894 3808 petre
921 3723 994 3794 xli.

624 3875 676 3938 ¹³·
700 3855 792 3924 ltem
832 3861 928 3945 quod
966 3863 1087 3930 nullus
1130 3875 1281 3952 oompet

575 4011 784 4062 communes
818 3995 918 4064 vioos
953 4017 1017 4066 seu
1051 4001 1211 4070 venellss
1242 4003 1281 4070 in

578 4128 666 4196 villa
693 4131 752 4196 vel
781 4131 950 4200 suburbio
990 4133 1172 4202 Bristollie
1201 4155 1281 4204 cum

577 4261 664 4332 fimo
699 4265 758 4332 vel
800 4267 951 4336 robbille
990 4289 1054 4338 seu
1092 4273 1283 4342 maeremio

577 4402 648 4467 sub
675 4421 769 4488 pens
796 4403 868 4472 xld.

625 4559 677 4624 u„
700 4539 748 4607 Et
777 4541 872 4627 quod
894 4544 1031 4610 nullum
1059 4544 1136 4634 (sic)
1160 4547 1283 4636 hujus·

579 4675 677 4740 modi
692 4673 815 4746 fimum
830 4687 893 4746 ant
912 4681 1010 4748 aliud
1032 4695 1281 4752 nocumentum

575 4821 681 4878 extra
700 4812 843 4901 Keyam
864 4826 928 4885 aut
953 4816 1110 4886 naccon
1124 4821 1282 4907 proioere

575 4957 760 5034 presumat
785 4951 853 5017 sub
877 4973 971 5038 pena
996 4955 1167 5040 predicte.

624 5103 676 5168 ²5·
698 5083 791 5153 Item
820 5089 915 5172 qnod
940 5089 1030 5158 nulli
1059 5093 1190 5179 leprosi
1218 5095 1280 5162 ‹le-

1390 1001 1487 1058 torm
1522 988 1605 1078 give
1640 999 1679 1058 to
1707 1007 1781 1076 any
1807 985 1920 1074 prlest
1953 981 2009 1051 ior
2036 981 2094 1050 his
2168 1001 2173 1008 ·

1390 1129 1523 1197 annual
1544 1128 1679 1197 servioe
1700 1125 2094 1209 morethsnroos.per

1388 1285 1522 1332 annum
1562 1283 1611 1333 on
1647 1283 1720 1353 any
1757 1270 1934 1350 pmtenoe,
1963 1277 2005 1327 or
2036 1259 2093 1326 his

1387 1395 2093 1486 beardandqomderpsinolpsying

1387 1533 2091 1626 tothecommomltyssmmnune

1385 1675 1552 1763 givesto
1580 1675 1642 1742 the
1669 1673 1790 1760 priest

1430 1805 2090 1897 20.A1soilsnysuenprlestbeing

1359 1943 2087 2054 'intheservioeofsnysnohburgem

1387 2085 1482 2153 shall
1502 2086 1548 2152 be
1569 2082 1728 2171 publiely
1748 2082 1858 2150 taken
1878 2081 1917 2148 in
1938 2079 2089 2148 semies·

1384 2221 1462 2288 tion
1498 2223 1549 2288 let
1583 2219 1660 2288 him
1691 2221 1737 2288 be
1768 2217 1936 2286 removed
1965 2215 2089 2284 imme·

1384 2357 1529 2445 distely.
1583 2353 2089 2442 Andthstnobsrpess

1383 2491 2088 2580 reoelvesnelsprlestsgeinunrler

1383 2631 1531 2720 penalty
1544 2629 1586 2697 of
1600 2629 1659 2697 his
1672 2628 1787 2698 whole
1804 2625 1978 2716 salaryof
1998 2645 2086 2694 root.

1427 2787 1480 2834 rr.
1503 2765 1594 2833 Also
1622 2765 1703 2832 tlmt
1729 2783 1779 2832 no
1807 2783 1877 2832 one
1901 2761 1944 2830 of
1974 2763 2086 2830 what·

1382 2899 2084 2970 soeveroosditionlreshsllbemrov

1381 3037 1482 3106 mine
1502 3058 1544 3105 or
1563 3036 1725 3125 stinking
1738 3055 1779 3104 or
1791 3035 1911 3104 fouled
1924 3043 2035 3102 ester
2047 3034 2087 3102 in

1381 3175 1442 3242 the
1467 3183 1594 3244 streete
1619 3173 1912 3242 outofwmoew
1931 3191 1974 3238 or
1993 3170 2084 3240 door

1381 3307 1871 3401 underapenaltyofsod.

1424 3447 1692 3516 saAlsotlrst
1717 3467 1766 3514 no
1788 3445 2084 3515 onesendoiled

1381 3587 1473 3653 wool
1508 3596 1570 3654 ont
1606 3585 1647 3654 ol
1684 3583 1747 3652 the
1782 3595 1877 3654 torm
1913 3585 2028 3652 under
2063 3603 2086 3649 s

1381 3721 1529 3808 penalty
1556 3721 1599 3790 of
1629 3721 1705 3805 sod.
1734 3719 1790 3788 lor
1817 3721 1907 3789 each
1935 3729 2048 3788 stone.

1426 3857 2087 3944 23.Alsotlsetnoooeoecnpytlse

1330 3967 2087 4085 ‘highwaysorlanesintlreoownor

1381 4133 1515 4198 suburb
1529 4130 1571 4199 oi
1587 4131 1719 4200 Bristol
1742 4131 1827 4199 with
1849 4131 1986 4211 ordlu'e,
2002 4132 2085 4198 mb-

1378 4267 1797 4336 bleortimberunder
1825 4265 2021 4354 apennlty
2047 4265 2089 4334 oi

1380 4406 1456 4490 4ed.

1429 4561 1482 4626 ²4·
1503 4539 1590 4608 And
1611 4541 1691 4607 that
1710 4559 1759 4606 no
1780 4541 1850 4607 o‘ne
1869 4557 2034 4625 presume
2047 4547 2086 4606 to

1382 4676 1496 4744 throw
1507 4676 1595 4744 such
1609 4676 1735 4744 ordure
1749 4695 1791 4744 or
1805 4677 1907 4742 other
1917 4675 2087 4742 nuisanoe

1382 4831 1467 4880 over
1493 4813 1554 4880 the
1579 4811 1686 4901 Quay
1707 4831 1749 4880 or
1769 4811 1870 4880 Book
1892 4815 2005 4878 under
2024 4813 2087 4880 tlte

1381 4956 1529 5042 penalty
1551 4953 1736 5022 aforesaid.

1427 5111 1479 5177 ²5·
1501 5091 1593 5158 Also
1628 5091 1708 5157 thet
1747 5109 1794 5157 no
1833 5089 1949 5176 lspers
1983 5087 2083 5154 here·
