<?xml version="1.0" encoding="UTF-8"?>
<!DOCTYPE html PUBLIC "-//W3C//DTD XHTML 1.0 Transitional//EN"
    "http://www.w3.org/TR/xhtml1/DTD/xhtml1-transitional.dtd">
<html xmlns="http://www.w3.org/1999/xhtml" xml:lang="en" lang="en">
 <head>
  <title>
</title>
<meta http-equiv="Content-Type" content="text/html;charset=utf-8" />
  <meta name='ocr-system' content='tesseract 3.04.00' />
  <meta name='ocr-capabilities' content='ocr_page ocr_carea ocr_par ocr_line ocrx_word'/>
</head>
<body>
  <div class='ocr_page' id='page_1' title='image "./littleredbookbr03enggoog_0259.png"; bbox 0 0 5194 6602; ppageno 0'>
   <div class='ocr_carea' id='block_1_1' title="bbox 576 774 1745 875">
    <p class='ocr_par' dir='ltr' id='par_1_1' title="bbox 576 774 1745 875">
     <span class='ocr_line' id='line_1_1' title="bbox 576 774 1745 875; baseline 0.011 -19"><span class='ocrx_word' id='word_1_1' title='bbox 576 803 651 875; x_wconf 79' lang='lat'><strong>230</strong></span> <span class='ocrx_word' id='word_1_2' title='bbox 914 777 1011 870; x_wconf 72' lang='lat' dir='ltr'><strong>obe</strong></span> <span class='ocrx_word' id='word_1_3' title='bbox 1034 774 1174 867; x_wconf 79' lang='lat' dir='ltr'><strong>ttttle</strong></span> <span class='ocrx_word' id='word_1_4' title='bbox 1198 775 1297 866; x_wconf 75' lang='lat' dir='ltr'><strong>fieb</strong></span> <span class='ocrx_word' id='word_1_5' title='bbox 1321 775 1451 867; x_wconf 66' lang='lat' dir='ltr'><strong>boot</strong></span> <span class='ocrx_word' id='word_1_6' title='bbox 1475 775 1526 867; x_wconf 82' lang='lat' dir='ltr'><strong>ol</strong></span> <span class='ocrx_word' id='word_1_7' title='bbox 1555 775 1745 868; x_wconf 58' lang='lat' dir='ltr'><strong>tarot</strong></span> 
     </span>
    </p>
   </div>
   <div class='ocr_carea' id='block_1_2' title="bbox 571 987 1279 1212">
    <p class='ocr_par' dir='ltr' id='par_1_2' title="bbox 571 987 1279 1212">
     <span class='ocr_line' id='line_1_2' title="bbox 571 987 1279 1078; baseline 0 -20"><span class='ocrx_word' id='word_1_8' title='bbox 571 991 668 1078; x_wconf 86' lang='lat' dir='ltr'><strong>qnod</strong></span> <span class='ocrx_word' id='word_1_9' title='bbox 689 1007 814 1058; x_wconf 73' lang='lat' dir='ltr'><strong>omnes</strong></span> <span class='ocrx_word' id='word_1_10' title='bbox 838 989 1004 1058; x_wconf 77' lang='lat' dir='ltr'><strong>conducti</strong></span> <span class='ocrx_word' id='word_1_11' title='bbox 1030 989 1188 1058; x_wconf 82' lang='lat' dir='ltr'><strong>seruiant</strong></span> <span class='ocrx_word' id='word_1_12' title='bbox 1210 987 1279 1058; x_wconf 83' lang='lat' dir='ltr'><strong>toti</strong></span> 
     </span>
     <span class='ocr_line' id='line_1_3' title="bbox 571 1123 1196 1212; baseline -0.002 -18"><span class='ocrx_word' id='word_1_13' title='bbox 571 1125 818 1194; x_wconf 74' lang='lat' dir='ltr'><strong>communitati</strong></span> <span class='ocrx_word' id='word_1_14' title='bbox 842 1144 908 1212; x_wconf 89' lang='lat' dir='ltr'><strong>pro</strong></span> <span class='ocrx_word' id='word_1_15' title='bbox 932 1124 1085 1194; x_wconf 82' lang='lat' dir='ltr'>victibus</span> <span class='ocrx_word' id='word_1_16' title='bbox 1110 1123 1196 1193; x_wconf 78' lang='lat' dir='ltr'><strong>suis.</strong></span> 
     </span>
    </p>
   </div>
   <div class='ocr_carea' id='block_1_3' title="bbox 504 1398 1287 4222">
    <p class='ocr_par' dir='ltr' id='par_1_3' title="bbox 574 1398 1281 2035">
     <span class='ocr_line' id='line_1_4' title="bbox 619 1398 1280 1487; baseline -0.003 -19"><span class='ocrx_word' id='word_1_17' title='bbox 619 1420 673 1486; x_wconf 73' lang='lat'><strong>³²·</strong></span> <span class='ocrx_word' id='word_1_18' title='bbox 696 1398 789 1468; x_wconf 84' lang='lat' dir='ltr'><strong>Item</strong></span> <span class='ocrx_word' id='word_1_19' title='bbox 814 1399 910 1487; x_wconf 87' lang='lat' dir='ltr'><strong>qnod</strong></span> <span class='ocrx_word' id='word_1_20' title='bbox 931 1399 1051 1467; x_wconf 86' lang='lat' dir='ltr'><strong>nullus</strong></span> <span class='ocrx_word' id='word_1_21' title='bbox 1073 1399 1280 1468; x_wconf 81' lang='lat' dir='ltr'><strong>waterletlor</strong></span> 
     </span>
     <span class='ocr_line' id='line_1_5' title="bbox 574 1535 1281 1626; baseline -0.003 -21"><span class='ocrx_word' id='word_1_22' title='bbox 574 1536 696 1626; x_wconf 76' lang='lat' dir='ltr'><strong>capiat</strong></span> <span class='ocrx_word' id='word_1_23' title='bbox 720 1556 850 1624; x_wconf 79' lang='lat' dir='ltr'><strong>aqum</strong></span> <span class='ocrx_word' id='word_1_24' title='bbox 876 1535 923 1604; x_wconf 77' lang='lat' dir='ltr'><strong>ao</strong></span> <span class='ocrx_word' id='word_1_25' title='bbox 946 1536 1140 1605; x_wconf 83' lang='lat' dir='ltr'><strong>Abbonnm</strong></span> <span class='ocrx_word' id='word_1_26' title='bbox 1165 1555 1281 1622; x_wconf 86' lang='lat' dir='ltr'><strong>neque</strong></span> 
     </span>
     <span class='ocr_line' id='line_1_6' title="bbox 575 1672 1281 1760; baseline 0 -20"><span class='ocrx_word' id='word_1_27' title='bbox 575 1673 704 1742; x_wconf 64' lang='lat' dir='ltr'><strong>Fronte</strong></span> <span class='ocrx_word' id='word_1_28' title='bbox 719 1691 786 1742; x_wconf 86' lang='lat' dir='ltr'><strong>nec</strong></span> <span class='ocrx_word' id='word_1_29' title='bbox 807 1672 845 1740; x_wconf 89' lang='lat' dir='ltr'><strong>in</strong></span> <span class='ocrx_word' id='word_1_30' title='bbox 867 1673 940 1740; x_wconf 83' lang='lat' dir='ltr'><strong>elio</strong></span> <span class='ocrx_word' id='word_1_31' title='bbox 960 1691 1184 1760; x_wconf 82' lang='lat' dir='ltr'><strong>quocumque</strong></span> <span class='ocrx_word' id='word_1_32' title='bbox 1202 1673 1281 1741; x_wconf 92' lang='lat' dir='ltr'><strong>looo</strong></span> 
     </span>
     <span class='ocr_line' id='line_1_7' title="bbox 576 1809 1281 1897; baseline -0.003 -19"><span class='ocrx_word' id='word_1_33' title='bbox 576 1809 647 1878; x_wconf 82' lang='lat' dir='ltr'><strong>nisi</strong></span> <span class='ocrx_word' id='word_1_34' title='bbox 670 1809 774 1878; x_wconf 75' lang='lat' dir='ltr'><strong>literit</strong></span> <span class='ocrx_word' id='word_1_35' title='bbox 799 1829 890 1897; x_wconf 82' lang='lat' dir='ltr'><strong>pura</strong></span> <span class='ocrx_word' id='word_1_36' title='bbox 911 1819 948 1878; x_wconf 85' lang='lat' dir='ltr'><strong>et</strong></span> <span class='ocrx_word' id='word_1_37' title='bbox 973 1811 1071 1879; x_wconf 83' lang='lat' dir='ltr'><strong>clara</strong></span> <span class='ocrx_word' id='word_1_38' title='bbox 1095 1811 1281 1897; x_wconf 76' lang='lat' dir='ltr'><strong>subpone</strong></span> 
     </span>
     <span class='ocr_line' id='line_1_8' title="bbox 576 1947 1131 2035; baseline 0.004 -21"><span class='ocrx_word' id='word_1_39' title='bbox 576 1947 661 2035; x_wconf 80' lang='lat' dir='ltr'><strong>xijd.</strong></span> <span class='ocrx_word' id='word_1_40' title='bbox 691 1947 827 2016; x_wconf 79' lang='lat' dir='ltr'><strong>tociens</strong></span> <span class='ocrx_word' id='word_1_41' title='bbox 855 1948 1034 2034; x_wconf 81' lang='lat' dir='ltr'>quociens,</span> <span class='ocrx_word' id='word_1_42' title='bbox 1063 1957 1131 2016; x_wconf 89' lang='lat' dir='ltr'><strong>etc.</strong></span> 
     </span>
    </p>

    <p class='ocr_par' dir='ltr' id='par_1_4' title="bbox 504 2083 1283 2582">
     <span class='ocr_line' id='line_1_9' title="bbox 622 2083 1281 2171; baseline 0 -19"><span class='ocrx_word' id='word_1_43' title='bbox 622 2105 676 2168; x_wconf 96' lang='grc'><strong>33.</strong></span> <span class='ocrx_word' id='word_1_44' title='bbox 699 2083 791 2154; x_wconf 87' lang='lat' dir='ltr'><strong>Item</strong></span> <span class='ocrx_word' id='word_1_45' title='bbox 819 2087 915 2171; x_wconf 87' lang='lat' dir='ltr'><strong>quod</strong></span> <span class='ocrx_word' id='word_1_46' title='bbox 944 2103 1069 2152; x_wconf 79' lang='lat' dir='ltr'><strong>omnes</strong></span> <span class='ocrx_word' id='word_1_47' title='bbox 1097 2084 1281 2153; x_wconf 79' lang='lat' dir='ltr'><strong>venientes</strong></span> 
     </span>
     <span class='ocr_line' id='line_1_10' title="bbox 504 2221 1283 2308; baseline 0 -18"><span class='ocrx_word' id='word_1_48' title='bbox 504 2273 509 2282; x_wconf 91' lang='lat'><em>.</em></span> <span class='ocrx_word' id='word_1_49' title='bbox 581 2224 628 2290; x_wconf 79' lang='lat' dir='ltr'><strong>ad</strong></span> <span class='ocrx_word' id='word_1_50' title='bbox 653 2222 785 2290; x_wconf 89' lang='lat' dir='ltr'><strong>Forum</strong></span> <span class='ocrx_word' id='word_1_51' title='bbox 806 2221 987 2308; x_wconf 76' lang='lat' dir='ltr'><strong>bospitent</strong></span> <span class='ocrx_word' id='word_1_52' title='bbox 1009 2241 1119 2308; x_wconf 77' lang='lat' dir='ltr'><strong>equos</strong></span> <span class='ocrx_word' id='word_1_53' title='bbox 1141 2241 1225 2290; x_wconf 74' lang='lat' dir='ltr'><strong>tuoe</strong></span> <span class='ocrx_word' id='word_1_54' title='bbox 1245 2229 1283 2290; x_wconf 85' lang='lat' dir='ltr'><strong>ot</strong></span> 
     </span>
     <span class='ocr_line' id='line_1_11' title="bbox 580 2357 1283 2445; baseline -0.003 -19"><span class='ocrx_word' id='word_1_55' title='bbox 580 2377 652 2426; x_wconf 87' lang='lat' dir='ltr'><strong>non</strong></span> <span class='ocrx_word' id='word_1_56' title='bbox 675 2368 848 2445; x_wconf 88' lang='lat' dir='ltr'><strong>oocupent</strong></span> <span class='ocrx_word' id='word_1_57' title='bbox 868 2377 1074 2426; x_wconf 76' lang='lat' dir='ltr'><strong>communes</strong></span> <span class='ocrx_word' id='word_1_58' title='bbox 1094 2357 1192 2426; x_wconf 87' lang='lat' dir='ltr'><strong>vioos</strong></span> <span class='ocrx_word' id='word_1_59' title='bbox 1215 2357 1283 2424; x_wconf 80' lang='lat' dir='ltr'><strong>sub</strong></span> 
     </span>
     <span class='ocr_line' id='line_1_12' title="bbox 578 2513 684 2582; baseline 0 0"><span class='ocrx_word' id='word_1_60' title='bbox 578 2513 684 2582; x_wconf 61' lang='lat'><strong>90¹¹!-</strong></span> 
     </span>
    </p>

    <p class='ocr_par' dir='ltr' id='par_1_5' title="bbox 582 2633 1284 2993">
     <span class='ocr_line' id='line_1_13' title="bbox 624 2633 1283 2721; baseline -0.002 -19"><span class='ocrx_word' id='word_1_61' title='bbox 624 2655 677 2718; x_wconf 79' lang='lat'><strong>³4·</strong></span> <span class='ocrx_word' id='word_1_62' title='bbox 700 2633 791 2702; x_wconf 84' lang='lat' dir='ltr'><strong>Item</strong></span> <span class='ocrx_word' id='word_1_63' title='bbox 821 2633 916 2721; x_wconf 85' lang='lat' dir='ltr'><strong>quod</strong></span> <span class='ocrx_word' id='word_1_64' title='bbox 944 2634 1064 2700; x_wconf 75' lang='lat' dir='ltr'><strong>nullus</strong></span> <span class='ocrx_word' id='word_1_65' title='bbox 1092 2641 1283 2701; x_wconf 73' lang='lat' dir='ltr'><strong>extraneus</strong></span> 
     </span>
     <span class='ocr_line' id='line_1_14' title="bbox 582 2769 1284 2858; baseline 0 -21"><span class='ocrx_word' id='word_1_66' title='bbox 582 2779 702 2858; x_wconf 84' lang='lat' dir='ltr'><strong>portat</strong></span> <span class='ocrx_word' id='word_1_67' title='bbox 724 2772 872 2858; x_wconf 78' lang='lat' dir='ltr'><strong>longum</strong></span> <span class='ocrx_word' id='word_1_68' title='bbox 895 2769 1075 2838; x_wconf 79' lang='lat' dir='ltr'><strong>ctrltellum</strong></span> <span class='ocrx_word' id='word_1_69' title='bbox 1101 2771 1168 2838; x_wconf 89' lang='lat' dir='ltr'><strong>sub</strong></span> <span class='ocrx_word' id='word_1_70' title='bbox 1190 2789 1284 2857; x_wconf 87' lang='lat' dir='ltr'><strong>pena</strong></span> 
     </span>
     <span class='ocr_line' id='line_1_15' title="bbox 582 2904 1000 2993; baseline -0.005 -19"><span class='ocrx_word' id='word_1_71' title='bbox 582 2904 804 2974; x_wconf 81' lang='lat' dir='ltr'><strong>forisfecbrre</strong></span> <span class='ocrx_word' id='word_1_72' title='bbox 829 2906 1000 2993; x_wconf 77' lang='lat' dir='ltr'><strong>ejusdem.</strong></span> 
     </span>
    </p>

    <p class='ocr_par' dir='ltr' id='par_1_6' title="bbox 580 3041 1286 3812">
     <span class='ocr_line' id='line_1_16' title="bbox 626 3041 1284 3129; baseline 0.002 -19"><span class='ocrx_word' id='word_1_73' title='bbox 626 3061 680 3126; x_wconf 78' lang='grc'><strong><em>35.</em></strong></span> <span class='ocrx_word' id='word_1_74' title='bbox 703 3041 794 3111; x_wconf 85' lang='lat' dir='ltr'><strong>Item</strong></span> <span class='ocrx_word' id='word_1_75' title='bbox 811 3042 907 3129; x_wconf 85' lang='lat' dir='ltr'><strong>quod</strong></span> <span class='ocrx_word' id='word_1_76' title='bbox 923 3043 1043 3110; x_wconf 75' lang='lat' dir='ltr'><strong>nullus</strong></span> <span class='ocrx_word' id='word_1_77' title='bbox 1062 3041 1284 3111; x_wconf 82' lang='lat' dir='ltr'><strong>tabernarius</strong></span> 
     </span>
     <span class='ocr_line' id='line_1_17' title="bbox 580 3177 1284 3272; baseline 0.001 -27"><span class='ocrx_word' id='word_1_78' title='bbox 580 3188 694 3266; x_wconf 84' lang='lat' dir='ltr'><strong>ponat</strong></span> <span class='ocrx_word' id='word_1_79' title='bbox 714 3177 839 3272; x_wconf 78' lang='lat' dir='ltr'><strong>vinnm¹</strong></span> <span class='ocrx_word' id='word_1_80' title='bbox 858 3197 990 3244; x_wconf 87' lang='lat' dir='ltr'><strong>nouum</strong></span> <span class='ocrx_word' id='word_1_81' title='bbox 1012 3178 1050 3245; x_wconf 91' lang='lat' dir='ltr'><strong>in</strong></span> <span class='ocrx_word' id='word_1_82' title='bbox 1071 3177 1201 3245; x_wconf 72' lang='lat' dir='ltr'><strong>oebfio</strong></span> <span class='ocrx_word' id='word_1_83' title='bbox 1219 3197 1284 3246; x_wconf 85' lang='lat' dir='ltr'><strong>suo</strong></span> 
     </span>
     <span class='ocr_line' id='line_1_18' title="bbox 585 3312 1284 3402; baseline -0.004 -19"><span class='ocrx_word' id='word_1_84' title='bbox 585 3324 776 3402; x_wconf 79' lang='lat' dir='ltr'><strong>antequam</strong></span> <span class='ocrx_word' id='word_1_85' title='bbox 803 3323 906 3382; x_wconf 83' lang='lat' dir='ltr'><strong>vetus</strong></span> <span class='ocrx_word' id='word_1_86' title='bbox 933 3312 1056 3381; x_wconf 86' lang='lat' dir='ltr'><strong>vinum</strong></span> <span class='ocrx_word' id='word_1_87' title='bbox 1085 3315 1124 3381; x_wconf 91' lang='lat' dir='ltr'><strong>in</strong></span> <span class='ocrx_word' id='word_1_88' title='bbox 1159 3313 1284 3381; x_wconf 86' lang='lat' dir='ltr'><strong>eodem</strong></span> 
     </span>
     <span class='ocr_line' id='line_1_19' title="bbox 581 3449 1285 3538; baseline 0 -20"><span class='ocrx_word' id='word_1_89' title='bbox 581 3451 741 3520; x_wconf 81' lang='lat' dir='ltr'><strong>existens</strong></span> <span class='ocrx_word' id='word_1_90' title='bbox 790 3452 959 3538; x_wconf 88' lang='lat' dir='ltr'><strong>probetur</strong></span> <span class='ocrx_word' id='word_1_91' title='bbox 1004 3469 1069 3536; x_wconf 84' lang='lat' dir='ltr'><strong>per</strong></span> <span class='ocrx_word' id='word_1_92' title='bbox 1110 3449 1285 3538; x_wconf 75' lang='lat' dir='ltr'><strong>Maiorem</strong></span> 
     </span>
     <span class='ocr_line' id='line_1_20' title="bbox 582 3585 1286 3676; baseline -0.004 -19"><span class='ocrx_word' id='word_1_93' title='bbox 582 3600 621 3657; x_wconf 90' lang='lat' dir='ltr'><strong>et</strong></span> <span class='ocrx_word' id='word_1_94' title='bbox 646 3587 778 3676; x_wconf 83' lang='lat' dir='ltr'><strong>probos</strong></span> <span class='ocrx_word' id='word_1_95' title='bbox 796 3586 959 3656; x_wconf 83' lang='lat' dir='ltr'><strong>homines</strong></span> <span class='ocrx_word' id='word_1_96' title='bbox 980 3588 1048 3654; x_wconf 83' lang='lat' dir='ltr'><strong>sub</strong></span> <span class='ocrx_word' id='word_1_97' title='bbox 1069 3606 1164 3674; x_wconf 84' lang='lat' dir='ltr'><strong>pena</strong></span> <span class='ocrx_word' id='word_1_98' title='bbox 1184 3585 1286 3654; x_wconf 79' lang='lat' dir='ltr'><strong>foris·</strong></span> 
     </span>
     <span class='ocr_line' id='line_1_21' title="bbox 581 3723 1013 3812; baseline -0.009 -18"><span class='ocrx_word' id='word_1_99' title='bbox 581 3727 717 3794; x_wconf 83' lang='lat' dir='ltr'><strong>facture</strong></span> <span class='ocrx_word' id='word_1_100' title='bbox 743 3725 902 3812; x_wconf 51' lang='lat' dir='ltr'><strong>quodem</strong></span> <span class='ocrx_word' id='word_1_101' title='bbox 926 3723 1013 3791; x_wconf 85' lang='lat' dir='ltr'><strong>vini.</strong></span> 
     </span>
    </p>

    <p class='ocr_par' dir='ltr' id='par_1_7' title="bbox 582 3858 1287 4222">
     <span class='ocr_line' id='line_1_22' title="bbox 627 3858 1286 3947; baseline -0.008 -16"><span class='ocrx_word' id='word_1_102' title='bbox 627 3866 681 3946; x_wconf 89' lang='grc'><strong><em>36.</em></strong></span> <span class='ocrx_word' id='word_1_103' title='bbox 706 3860 798 3929; x_wconf 86' lang='lat' dir='ltr'><strong>Item</strong></span> <span class='ocrx_word' id='word_1_104' title='bbox 812 3861 907 3947; x_wconf 88' lang='lat' dir='ltr'><strong>qnod</strong></span> <span class='ocrx_word' id='word_1_105' title='bbox 921 3861 1041 3928; x_wconf 77' lang='lat' dir='ltr'><strong>nullus</strong></span> <span class='ocrx_word' id='word_1_106' title='bbox 1056 3868 1152 3926; x_wconf 81' lang='lat' dir='ltr'><strong>emat</strong></span> <span class='ocrx_word' id='word_1_107' title='bbox 1165 3858 1286 3947; x_wconf 82' lang='lat' dir='ltr'><strong>aliqua</strong></span> 
     </span>
     <span class='ocr_line' id='line_1_23' title="bbox 582 3994 1287 4068; baseline -0.01 0"><span class='ocrx_word' id='word_1_108' title='bbox 582 3999 692 4068; x_wconf 82' lang='lat' dir='ltr'><strong>bleda</strong></span> <span class='ocrx_word' id='word_1_109' title='bbox 712 3997 750 4065; x_wconf 96' lang='lat' dir='ltr'><strong>in</strong></span> <span class='ocrx_word' id='word_1_110' title='bbox 773 3997 867 4064; x_wconf 90' lang='lat' dir='ltr'><strong>Foro</strong></span> <span class='ocrx_word' id='word_1_111' title='bbox 887 3995 934 4064; x_wconf 75' lang='lat' dir='ltr'><strong>ad</strong></span> <span class='ocrx_word' id='word_1_112' title='bbox 956 4015 1000 4064; x_wconf 79' lang='lat' dir='ltr'><strong>ea</strong></span> <span class='ocrx_word' id='word_1_113' title='bbox 1013 3994 1176 4062; x_wconf 77' lang='lat' dir='ltr'><strong>ducenda</strong></span> <span class='ocrx_word' id='word_1_114' title='bbox 1192 3994 1287 4062; x_wconf 83' lang='lat' dir='ltr'><strong>vltra</strong></span> 
     </span>
     <span class='ocr_line' id='line_1_24' title="bbox 585 4131 1159 4222; baseline -0.009 -18"><span class='ocrx_word' id='word_1_115' title='bbox 585 4155 684 4204; x_wconf 83' lang='lat' dir='ltr'><strong>mare</strong></span> <span class='ocrx_word' id='word_1_116' title='bbox 713 4136 781 4202; x_wconf 81' lang='lat' dir='ltr'><strong>sub</strong></span> <span class='ocrx_word' id='word_1_117' title='bbox 808 4153 905 4222; x_wconf 80' lang='lat' dir='ltr'><strong>pena</strong></span> <span class='ocrx_word' id='word_1_118' title='bbox 930 4131 1159 4200; x_wconf 79' lang='lat' dir='ltr'><strong>forisfacture</strong></span> 
     </span>
    </p>
   </div>
   <div class='ocr_carea' id='block_1_4' title="bbox 584 4365 1291 5160">
    <p class='ocr_par' dir='ltr' id='par_1_8' title="bbox 584 4365 1291 5160">
     <span class='ocr_line' id='line_1_25' title="bbox 630 4365 1289 4497; baseline -0.003 -19"><span class='ocrx_word' id='word_1_119' title='bbox 630 4430 684 4496; x_wconf 81' lang='lat'><strong>37.</strong></span> <span class='ocrx_word' id='word_1_120' title='bbox 706 4409 797 4478; x_wconf 87' lang='lat' dir='ltr'><strong>Item</strong></span> <span class='ocrx_word' id='word_1_121' title='bbox 812 4411 907 4497; x_wconf 87' lang='lat' dir='ltr'><strong>qnod</strong></span> <span class='ocrx_word' id='word_1_122' title='bbox 921 4365 1040 4477; x_wconf 72' lang='lat' dir='ltr'><strong>nnllus</strong></span> <span class='ocrx_word' id='word_1_123' title='bbox 1050 4407 1209 4476; x_wconf 76' lang='lat' dir='ltr'><strong>carnifex</strong></span> <span class='ocrx_word' id='word_1_124' title='bbox 1222 4427 1289 4476; x_wconf 88' lang='lat' dir='ltr'><strong>nec</strong></span> 
     </span>
     <span class='ocr_line' id='line_1_26' title="bbox 588 4543 1288 4631; baseline -0.001 -18"><span class='ocrx_word' id='word_1_125' title='bbox 588 4547 680 4614; x_wconf 82' lang='lat' dir='ltr'><strong>alius</strong></span> <span class='ocrx_word' id='word_1_126' title='bbox 704 4555 800 4613; x_wconf 80' lang='lat' dir='ltr'><strong>emet</strong></span> <span class='ocrx_word' id='word_1_127' title='bbox 826 4543 965 4631; x_wconf 81' lang='lat' dir='ltr'><strong>aliquas</strong></span> <span class='ocrx_word' id='word_1_128' title='bbox 992 4543 1137 4624; x_wconf 77' lang='lat' dir='ltr'><strong>bestias,</strong></span> <span class='ocrx_word' id='word_1_129' title='bbox 1166 4545 1288 4626; x_wconf 83' lang='lat' dir='ltr'><strong>boues,</strong></span> 
     </span>
     <span class='ocr_line' id='line_1_27' title="bbox 584 4679 1289 4768; baseline -0.001 -17"><span class='ocrx_word' id='word_1_130' title='bbox 584 4701 671 4751; x_wconf 71' lang='lat' dir='ltr'><strong>oues</strong></span> <span class='ocrx_word' id='word_1_131' title='bbox 695 4691 759 4748; x_wconf 79' lang='lat' dir='ltr'><strong>aut</strong></span> <span class='ocrx_word' id='word_1_132' title='bbox 782 4700 908 4768; x_wconf 84' lang='lat' dir='ltr'><strong>poroos</strong></span> <span class='ocrx_word' id='word_1_133' title='bbox 931 4679 1023 4747; x_wconf 81' lang='lat' dir='ltr'><strong>infra</strong></span> <span class='ocrx_word' id='word_1_134' title='bbox 1043 4688 1183 4766; x_wconf 83' lang='lat' dir='ltr'><strong>portam</strong></span> <span class='ocrx_word' id='word_1_135' title='bbox 1203 4681 1289 4750; x_wconf 87' lang='lat' dir='ltr'><strong>ville</strong></span> 
     </span>
     <span class='ocr_line' id='line_1_28' title="bbox 588 4815 1291 4903; baseline -0.003 -17"><span class='ocrx_word' id='word_1_136' title='bbox 588 4819 655 4886; x_wconf 86' lang='lat' dir='ltr'><strong>sub</strong></span> <span class='ocrx_word' id='word_1_137' title='bbox 680 4837 775 4903; x_wconf 85' lang='lat' dir='ltr'><strong>pena</strong></span> <span class='ocrx_word' id='word_1_138' title='bbox 800 4826 905 4902; x_wconf 84' lang='lat' dir='ltr'><strong>prout</strong></span> <span class='ocrx_word' id='word_1_139' title='bbox 930 4815 1097 4902; x_wconf 82' lang='lat' dir='ltr'><strong>seqnitur,</strong></span> <span class='ocrx_word' id='word_1_140' title='bbox 1123 4819 1188 4884; x_wconf 80' lang='lat' dir='ltr'><strong>sed</strong></span> <span class='ocrx_word' id='word_1_141' title='bbox 1210 4827 1291 4884; x_wconf 85' lang='lat' dir='ltr'><strong>tan-</strong></span> 
     </span>
     <span class='ocr_line' id='line_1_29' title="bbox 586 4952 1291 5023; baseline 0 0"><span class='ocrx_word' id='word_1_142' title='bbox 586 4955 770 5023; x_wconf 88' lang='lat' dir='ltr'><strong>tummodo</strong></span> <span class='ocrx_word' id='word_1_143' title='bbox 791 4952 829 5019; x_wconf 95' lang='lat' dir='ltr'><strong>in</strong></span> <span class='ocrx_word' id='word_1_144' title='bbox 849 4953 886 5019; x_wconf 79' lang='lat' dir='ltr'><strong>la</strong></span> <span class='ocrx_word' id='word_1_145' title='bbox 899 4952 1120 5020; x_wconf 88' lang='lat' dir='ltr'><strong>Brodemede</strong></span> <span class='ocrx_word' id='word_1_146' title='bbox 1132 4955 1191 5021; x_wconf 83' lang='lat' dir='ltr'><strong>vel</strong></span> <span class='ocrx_word' id='word_1_147' title='bbox 1205 4963 1291 5023; x_wconf 80' lang='lat' dir='ltr'><strong>ante</strong></span> 
     </span>
     <span class='ocr_line' id='line_1_30' title="bbox 585 5090 1287 5160; baseline 0 0"><span class='ocrx_word' id='word_1_148' title='bbox 585 5092 807 5160; x_wconf 86' lang='lat' dir='ltr'><strong>mencionem</strong></span> <span class='ocrx_word' id='word_1_149' title='bbox 829 5090 994 5158; x_wconf 82' lang='lat' dir='ltr'><strong>Fratrum</strong></span> <span class='ocrx_word' id='word_1_150' title='bbox 1012 5091 1287 5160; x_wconf 82' lang='lat' dir='ltr'><strong>Predicatorum.</strong></span> 
     </span>
    </p>
   </div>
   <div class='ocr_carea' id='block_1_5' title="bbox 1377 989 2090 5158">
    <p class='ocr_par' dir='ltr' id='par_1_9' title="bbox 1378 989 2084 1352">
     <span class='ocr_line' id='line_1_31' title="bbox 1380 989 2083 1060; baseline 0.003 -2"><span class='ocrx_word' id='word_1_151' title='bbox 1380 989 1612 1060; x_wconf 79' lang='lat' dir='ltr'><strong>sbnlloeefit.</strong></span> <span class='ocrx_word' id='word_1_152' title='bbox 1656 989 1900 1058; x_wconf 79' lang='lat' dir='ltr'><strong>Andtbatall</strong></span> <span class='ocrx_word' id='word_1_153' title='bbox 1920 991 2083 1060; x_wconf 73' lang='lat' dir='ltr'><strong>oonduits</strong></span> 
     </span>
     <span class='ocr_line' id='line_1_32' title="bbox 1378 1125 2084 1217; baseline 0.003 -23"><span class='ocrx_word' id='word_1_154' title='bbox 1378 1147 1478 1195; x_wconf 84' lang='lat' dir='ltr'><strong>serve</strong></span> <span class='ocrx_word' id='word_1_155' title='bbox 1513 1129 1576 1196; x_wconf 82' lang='lat' dir='ltr'><strong>tlte</strong></span> <span class='ocrx_word' id='word_1_156' title='bbox 1603 1127 1719 1196; x_wconf 83' lang='lat' dir='ltr'><strong>wbolo</strong></span> <span class='ocrx_word' id='word_1_157' title='bbox 1750 1127 2001 1217; x_wconf 83' lang='lat' dir='ltr'><strong>Commonnlty</strong></span> <span class='ocrx_word' id='word_1_158' title='bbox 2027 1125 2084 1196; x_wconf 89' lang='lat' dir='ltr'><strong>for</strong></span> 
     </span>
     <span class='ocr_line' id='line_1_33' title="bbox 1378 1264 1691 1352; baseline -0.003 -20"><span class='ocrx_word' id='word_1_159' title='bbox 1378 1264 1473 1332; x_wconf 84' lang='lat' dir='ltr'><strong>their</strong></span> <span class='ocrx_word' id='word_1_160' title='bbox 1498 1264 1691 1352; x_wconf 72' lang='lat' dir='ltr'><strong>provlrion.</strong></span> 
     </span>
    </p>

    <p class='ocr_par' dir='ltr' id='par_1_10' title="bbox 1377 1399 2083 2037">
     <span class='ocr_line' id='line_1_34' title="bbox 1422 1399 2080 1484; baseline -0.002 -15"><span class='ocrx_word' id='word_1_161' title='bbox 1422 1421 1477 1484; x_wconf 74' lang='lat'><strong>³2·</strong></span> <span class='ocrx_word' id='word_1_162' title='bbox 1498 1401 1591 1470; x_wconf 71' lang='lat' dir='ltr'><strong>Alto</strong></span> <span class='ocrx_word' id='word_1_163' title='bbox 1619 1402 1699 1470; x_wconf 77' lang='lat' dir='ltr'><strong>tbat</strong></span> <span class='ocrx_word' id='word_1_164' title='bbox 1727 1421 1776 1470; x_wconf 91' lang='lat' dir='ltr'><strong>no</strong></span> <span class='ocrx_word' id='word_1_165' title='bbox 1810 1399 2080 1469; x_wconf 65' lang='lat' dir='ltr'><strong>“merleia&#39;&#39;</strong></span> 
     </span>
     <span class='ocr_line' id='line_1_35' title="bbox 1377 1537 2082 1606; baseline 0.003 -2"><span class='ocrx_word' id='word_1_166' title='bbox 1377 1537 2082 1606; x_wconf 79' lang='lat' dir='ltr'><strong>takewaterattbeAvonorFromeor</strong></span> 
     </span>
     <span class='ocr_line' id='line_1_36' title="bbox 1377 1675 2081 1764; baseline 0 -22"><span class='ocrx_word' id='word_1_167' title='bbox 1377 1675 1416 1742; x_wconf 91' lang='lat' dir='ltr'><strong>in</strong></span> <span class='ocrx_word' id='word_1_168' title='bbox 1436 1695 1510 1764; x_wconf 83' lang='lat' dir='ltr'><strong>any</strong></span> <span class='ocrx_word' id='word_1_169' title='bbox 1529 1677 1632 1745; x_wconf 86' lang='lat' dir='ltr'><strong>other</strong></span> <span class='ocrx_word' id='word_1_170' title='bbox 1655 1675 1758 1762; x_wconf 82' lang='lat' dir='ltr'><strong>plaoe</strong></span> <span class='ocrx_word' id='word_1_171' title='bbox 1780 1675 2001 1744; x_wconf 79' lang='lat' dir='ltr'><strong>wbataoover</strong></span> <span class='ocrx_word' id='word_1_172' title='bbox 2018 1693 2081 1742; x_wconf 83' lang='lat' dir='ltr'><strong>ex-</strong></span> 
     </span>
     <span class='ocr_line' id='line_1_37' title="bbox 1377 1811 2083 1900; baseline 0 -22"><span class='ocrx_word' id='word_1_173' title='bbox 1377 1811 2083 1900; x_wconf 77' lang='lat' dir='ltr'><strong>oeptitbepureandoletrundera</strong></span> 
     </span>
     <span class='ocr_line' id='line_1_38' title="bbox 1378 1945 2080 2037; baseline 0.001 -20"><span class='ocrx_word' id='word_1_174' title='bbox 1378 1945 1581 2037; x_wconf 73' lang='lat' dir='ltr'><strong>penaltyof</strong></span> <span class='ocrx_word' id='word_1_175' title='bbox 1601 1945 1673 2016; x_wconf 76' lang='lat' dir='ltr'><strong>tad.</strong></span> <span class='ocrx_word' id='word_1_176' title='bbox 1693 1945 2080 2036; x_wconf 79' lang='lat' dir='ltr'><strong>soosteneomaybe.</strong></span> 
     </span>
    </p>

    <p class='ocr_par' dir='ltr' id='par_1_11' title="bbox 1378 2083 2083 2581">
     <span class='ocr_line' id='line_1_39' title="bbox 1423 2083 2083 2172; baseline 0.003 -2"><span class='ocrx_word' id='word_1_177' title='bbox 1423 2105 1477 2170; x_wconf 76' lang='lat'><strong>³³·</strong></span> <span class='ocrx_word' id='word_1_178' title='bbox 1499 2084 1590 2152; x_wconf 73' lang='lat' dir='ltr'><strong>Ano</strong></span> <span class='ocrx_word' id='word_1_179' title='bbox 1613 2085 1694 2154; x_wconf 76' lang='lat' dir='ltr'><strong>that</strong></span> <span class='ocrx_word' id='word_1_180' title='bbox 1718 2085 1769 2154; x_wconf 67' lang='lat'><strong>²¹¹</strong></span> <span class='ocrx_word' id='word_1_181' title='bbox 1791 2085 1921 2172; x_wconf 60' lang='lat' dir='ltr'><strong>ownia</strong></span> <span class='ocrx_word' id='word_1_182' title='bbox 1938 2083 2083 2172; x_wconf 71' lang='lat' dir='ltr'><strong>mning</strong></span> 
     </span>
     <span class='ocr_line' id='line_1_40' title="bbox 1380 2219 2083 2290; baseline 0 0"><span class='ocrx_word' id='word_1_183' title='bbox 1380 2232 1419 2290; x_wconf 82' lang='lat' dir='ltr'><strong>to</strong></span> <span class='ocrx_word' id='word_1_184' title='bbox 1446 2221 1508 2289; x_wconf 88' lang='lat' dir='ltr'><strong>tbe</strong></span> <span class='ocrx_word' id='word_1_185' title='bbox 1531 2221 1670 2289; x_wconf 83' lang='lat' dir='ltr'><strong>market</strong></span> <span class='ocrx_word' id='word_1_186' title='bbox 1694 2240 1757 2290; x_wconf 87' lang='lat' dir='ltr'><strong>are</strong></span> <span class='ocrx_word' id='word_1_187' title='bbox 1782 2230 1820 2289; x_wconf 91' lang='lat' dir='ltr'><strong>to</strong></span> <span class='ocrx_word' id='word_1_188' title='bbox 1846 2221 1962 2288; x_wconf 81' lang='lat' dir='ltr'><strong>stabla</strong></span> <span class='ocrx_word' id='word_1_189' title='bbox 1990 2219 2083 2290; x_wconf 86' lang='lat' dir='ltr'><strong>their</strong></span> 
     </span>
     <span class='ocr_line' id='line_1_41' title="bbox 1379 2358 2082 2446; baseline 0 -20"><span class='ocrx_word' id='word_1_190' title='bbox 1379 2358 1502 2426; x_wconf 75' lang='lat' dir='ltr'><strong>borres</strong></span> <span class='ocrx_word' id='word_1_191' title='bbox 1542 2358 1615 2426; x_wconf 84' lang='lat' dir='ltr'><strong>end</strong></span> <span class='ocrx_word' id='word_1_192' title='bbox 1657 2367 1722 2426; x_wconf 90' lang='lat' dir='ltr'><strong>not</strong></span> <span class='ocrx_word' id='word_1_193' title='bbox 1763 2367 1802 2426; x_wconf 91' lang='lat' dir='ltr'><strong>to</strong></span> <span class='ocrx_word' id='word_1_194' title='bbox 1841 2377 1978 2446; x_wconf 83' lang='lat' dir='ltr'><strong>oocupy</strong></span> <span class='ocrx_word' id='word_1_195' title='bbox 2020 2359 2082 2425; x_wconf 83' lang='lat' dir='ltr'><strong>tbe</strong></span> 
     </span>
     <span class='ocr_line' id='line_1_42' title="bbox 1378 2493 2054 2581; baseline 0 -21"><span class='ocrx_word' id='word_1_196' title='bbox 1378 2511 1543 2562; x_wconf 85' lang='lat' dir='ltr'><strong>common</strong></span> <span class='ocrx_word' id='word_1_197' title='bbox 1571 2494 1678 2562; x_wconf 77' lang='lat' dir='ltr'><strong>roada</strong></span> <span class='ocrx_word' id='word_1_198' title='bbox 1705 2493 1820 2560; x_wconf 84' lang='lat' dir='ltr'><strong>under</strong></span> <span class='ocrx_word' id='word_1_199' title='bbox 1847 2512 1870 2561; x_wconf 81' lang='lat' dir='ltr'><strong>a</strong></span> <span class='ocrx_word' id='word_1_200' title='bbox 1897 2493 2054 2581; x_wconf 79' lang='lat' dir='ltr'><strong>penalty.</strong></span> 
     </span>
    </p>

    <p class='ocr_par' dir='ltr' id='par_1_12' title="bbox 1380 2629 2083 2974">
     <span class='ocr_line' id='line_1_43' title="bbox 1423 2629 2083 2720; baseline -0.002 -22"><span class='ocrx_word' id='word_1_201' title='bbox 1423 2629 1592 2715; x_wconf 76' lang='grc' dir='ltr'><strong><em>34.Α1ω</em></strong></span> <span class='ocrx_word' id='word_1_202' title='bbox 1616 2629 1696 2698; x_wconf 79' lang='lat' dir='ltr'><strong>that</strong></span> <span class='ocrx_word' id='word_1_203' title='bbox 1719 2649 1768 2698; x_wconf 93' lang='lat' dir='ltr'><strong>no</strong></span> <span class='ocrx_word' id='word_1_204' title='bbox 1792 2638 1957 2718; x_wconf 71' lang='lat' dir='ltr'><strong>strange</strong></span> <span class='ocrx_word' id='word_1_205' title='bbox 1979 2649 2083 2720; x_wconf 74' lang='lat' dir='ltr'><strong>carry</strong></span> 
     </span>
     <span class='ocr_line' id='line_1_44' title="bbox 1381 2767 2082 2857; baseline 0.001 -23"><span class='ocrx_word' id='word_1_206' title='bbox 1381 2789 1405 2834; x_wconf 82' lang='lat' dir='ltr'><strong>a</strong></span> <span class='ocrx_word' id='word_1_207' title='bbox 1440 2770 1528 2856; x_wconf 80' lang='lat' dir='ltr'><strong>long</strong></span> <span class='ocrx_word' id='word_1_208' title='bbox 1558 2767 1657 2836; x_wconf 86' lang='lat' dir='ltr'><strong>knife</strong></span> <span class='ocrx_word' id='word_1_209' title='bbox 1691 2767 1815 2844; x_wconf 66' lang='lat' dir='ltr'><strong>undar,</strong></span> <span class='ocrx_word' id='word_1_210' title='bbox 1838 2767 1900 2835; x_wconf 88' lang='lat' dir='ltr'><strong>tbe</strong></span> <span class='ocrx_word' id='word_1_211' title='bbox 1935 2768 2082 2857; x_wconf 77' lang='lat' dir='ltr'><strong>penalty</strong></span> 
     </span>
     <span class='ocr_line' id='line_1_45' title="bbox 1380 2901 1913 2974; baseline 0.002 -1"><span class='ocrx_word' id='word_1_212' title='bbox 1380 2901 1422 2973; x_wconf 90' lang='lat' dir='ltr'><strong>of</strong></span> <span class='ocrx_word' id='word_1_213' title='bbox 1444 2903 1622 2972; x_wconf 80' lang='lat' dir='ltr'><strong>forfaiture</strong></span> <span class='ocrx_word' id='word_1_214' title='bbox 1649 2902 1691 2972; x_wconf 90' lang='lat' dir='ltr'><strong>of</strong></span> <span class='ocrx_word' id='word_1_215' title='bbox 1714 2905 1776 2973; x_wconf 81' lang='lat' dir='ltr'><strong>tbe</strong></span> <span class='ocrx_word' id='word_1_216' title='bbox 1804 2923 1913 2974; x_wconf 74' lang='lat' dir='ltr'><strong>some.</strong></span> 
     </span>
    </p>

    <p class='ocr_par' dir='ltr' id='par_1_13' title="bbox 1379 3040 2085 3791">
     <span class='ocr_line' id='line_1_46' title="bbox 1424 3040 2083 3128; baseline 0.008 -22"><span class='ocrx_word' id='word_1_217' title='bbox 1424 3059 1478 3124; x_wconf 78' lang='grc'><strong>33.</strong></span> <span class='ocrx_word' id='word_1_218' title='bbox 1501 3040 1591 3108; x_wconf 79' lang='lat' dir='ltr'><strong>Also</strong></span> <span class='ocrx_word' id='word_1_219' title='bbox 1626 3040 1705 3108; x_wconf 79' lang='lat' dir='ltr'><strong>that</strong></span> <span class='ocrx_word' id='word_1_220' title='bbox 1740 3058 1790 3107; x_wconf 94' lang='lat' dir='ltr'><strong>no</strong></span> <span class='ocrx_word' id='word_1_221' title='bbox 1819 3049 1983 3110; x_wconf 69' lang='lat' dir='ltr'><strong>tavarnoe</strong></span> <span class='ocrx_word' id='word_1_222' title='bbox 2017 3051 2083 3128; x_wconf 87' lang='lat' dir='ltr'><strong>put</strong></span> 
     </span>
     <span class='ocr_line' id='line_1_47' title="bbox 1381 3176 2084 3270; baseline 0.003 -26"><span class='ocrx_word' id='word_1_223' title='bbox 1381 3196 1462 3245; x_wconf 88' lang='lat' dir='ltr'><strong>new</strong></span> <span class='ocrx_word' id='word_1_224' title='bbox 1502 3177 1596 3244; x_wconf 88' lang='lat' dir='ltr'><strong>wine</strong></span> <span class='ocrx_word' id='word_1_225' title='bbox 1638 3176 1676 3244; x_wconf 91' lang='lat' dir='ltr'><strong>in</strong></span> <span class='ocrx_word' id='word_1_226' title='bbox 1719 3177 1777 3244; x_wconf 83' lang='lat' dir='ltr'><strong>bis</strong></span> <span class='ocrx_word' id='word_1_227' title='bbox 1816 3177 1926 3246; x_wconf 78' lang='lat' dir='ltr'><strong>pellar</strong></span> <span class='ocrx_word' id='word_1_228' title='bbox 1963 3177 2084 3270; x_wconf 84' lang='lat' dir='ltr'><strong>before</strong></span> 
     </span>
     <span class='ocr_line' id='line_1_48' title="bbox 1379 3313 2085 3386; baseline 0.004 -3"><span class='ocrx_word' id='word_1_229' title='bbox 1379 3315 1442 3383; x_wconf 84' lang='lat' dir='ltr'><strong>tho</strong></span> <span class='ocrx_word' id='word_1_230' title='bbox 1462 3313 1524 3381; x_wconf 90' lang='lat' dir='ltr'><strong>old</strong></span> <span class='ocrx_word' id='word_1_231' title='bbox 1544 3314 1637 3382; x_wconf 84' lang='lat' dir='ltr'><strong>wine</strong></span> <span class='ocrx_word' id='word_1_232' title='bbox 1657 3313 1773 3382; x_wconf 86' lang='lat' dir='ltr'><strong>which</strong></span> <span class='ocrx_word' id='word_1_233' title='bbox 1792 3313 1825 3382; x_wconf 86' lang='lat' dir='ltr'><strong>is</strong></span> <span class='ocrx_word' id='word_1_234' title='bbox 1844 3314 1883 3382; x_wconf 95' lang='lat' dir='ltr'><strong>in</strong></span> <span class='ocrx_word' id='word_1_235' title='bbox 1902 3316 1965 3384; x_wconf 81' lang='lat' dir='ltr'><strong>tlte</strong></span> <span class='ocrx_word' id='word_1_236' title='bbox 1985 3335 2085 3386; x_wconf 76' lang='lat' dir='ltr'><strong>some</strong></span> 
     </span>
     <span class='ocr_line' id='line_1_49' title="bbox 1379 3451 2084 3540; baseline -0.001 -20"><span class='ocrx_word' id='word_1_237' title='bbox 1379 3451 1565 3520; x_wconf 84' lang='lat' dir='ltr'><strong>beteoted</strong></span> <span class='ocrx_word' id='word_1_238' title='bbox 1591 3451 2084 3540; x_wconf 80' lang='lat' dir='ltr'><strong>bytbeblayorandgood</strong></span> 
     </span>
     <span class='ocr_line' id='line_1_50' title="bbox 1380 3586 2085 3676; baseline 0.006 -22"><span class='ocrx_word' id='word_1_239' title='bbox 1380 3608 1464 3655; x_wconf 86' lang='lat' dir='ltr'><strong>men</strong></span> <span class='ocrx_word' id='word_1_240' title='bbox 1499 3589 1613 3655; x_wconf 86' lang='lat' dir='ltr'><strong>under</strong></span> <span class='ocrx_word' id='word_1_241' title='bbox 1645 3588 1796 3676; x_wconf 73' lang='lat' dir='ltr'><strong>penalty</strong></span> <span class='ocrx_word' id='word_1_242' title='bbox 1831 3586 1873 3654; x_wconf 89' lang='lat' dir='ltr'><strong>of</strong></span> <span class='ocrx_word' id='word_1_243' title='bbox 1906 3587 2085 3658; x_wconf 76' lang='lat' dir='ltr'><strong>forfaiture</strong></span> 
     </span>
     <span class='ocr_line' id='line_1_51' title="bbox 1381 3722 1772 3791; baseline -0.003 0"><span class='ocrx_word' id='word_1_244' title='bbox 1381 3722 1424 3791; x_wconf 89' lang='lat' dir='ltr'><strong>of</strong></span> <span class='ocrx_word' id='word_1_245' title='bbox 1452 3724 1514 3791; x_wconf 86' lang='lat' dir='ltr'><strong>the</strong></span> <span class='ocrx_word' id='word_1_246' title='bbox 1543 3742 1642 3790; x_wconf 83' lang='lat' dir='ltr'><strong>same</strong></span> <span class='ocrx_word' id='word_1_247' title='bbox 1669 3723 1772 3790; x_wconf 85' lang='lat' dir='ltr'><strong>wine.</strong></span> 
     </span>
    </p>

    <p class='ocr_par' dir='ltr' id='par_1_14' title="bbox 1381 3859 2090 4338">
     <span class='ocr_line' id='line_1_52' title="bbox 1426 3859 2085 3950; baseline 0.003 -22"><span class='ocrx_word' id='word_1_248' title='bbox 1426 3865 1480 3946; x_wconf 83' lang='grc'><strong><em>36.</em></strong></span> <span class='ocrx_word' id='word_1_249' title='bbox 1503 3861 1593 3928; x_wconf 78' lang='lat' dir='ltr'><strong>Also</strong></span> <span class='ocrx_word' id='word_1_250' title='bbox 1621 3859 1702 3928; x_wconf 85' lang='lat' dir='ltr'><strong>that</strong></span> <span class='ocrx_word' id='word_1_251' title='bbox 1731 3879 1779 3928; x_wconf 90' lang='lat' dir='ltr'><strong>no</strong></span> <span class='ocrx_word' id='word_1_252' title='bbox 1807 3878 1877 3928; x_wconf 79' lang='lat' dir='ltr'><strong>one</strong></span> <span class='ocrx_word' id='word_1_253' title='bbox 1911 3861 1985 3949; x_wconf 83' lang='lat' dir='ltr'><strong>buy</strong></span> <span class='ocrx_word' id='word_1_254' title='bbox 2012 3881 2085 3950; x_wconf 80' lang='lat' dir='ltr'><strong>any</strong></span> 
     </span>
     <span class='ocr_line' id='line_1_53' title="bbox 1384 3995 2087 4086; baseline 0.001 -23"><span class='ocrx_word' id='word_1_255' title='bbox 1384 3995 1488 4086; x_wconf 81' lang='lat' dir='ltr'><strong>grain</strong></span> <span class='ocrx_word' id='word_1_256' title='bbox 1517 3997 1555 4063; x_wconf 94' lang='lat' dir='ltr'><strong>in</strong></span> <span class='ocrx_word' id='word_1_257' title='bbox 1583 3996 1647 4064; x_wconf 82' lang='lat' dir='ltr'><strong>the</strong></span> <span class='ocrx_word' id='word_1_258' title='bbox 1674 3995 1814 4062; x_wconf 79' lang='lat' dir='ltr'><strong>maritet</strong></span> <span class='ocrx_word' id='word_1_259' title='bbox 1847 4004 1887 4063; x_wconf 87' lang='lat' dir='ltr'><strong>to</strong></span> <span class='ocrx_word' id='word_1_260' title='bbox 1918 4013 2022 4086; x_wconf 80' lang='lat' dir='ltr'><strong>carry</strong></span> <span class='ocrx_word' id='word_1_261' title='bbox 2057 3997 2087 4064; x_wconf 89' lang='lat' dir='ltr'><strong>it</strong></span> 
     </span>
     <span class='ocr_line' id='line_1_54' title="bbox 1381 4130 2090 4221; baseline 0 -21"><span class='ocrx_word' id='word_1_262' title='bbox 1381 4133 1524 4221; x_wconf 86' lang='lat' dir='ltr'><strong>beyond</strong></span> <span class='ocrx_word' id='word_1_263' title='bbox 1552 4151 1616 4200; x_wconf 85' lang='lat' dir='ltr'><strong>sea</strong></span> <span class='ocrx_word' id='word_1_264' title='bbox 1642 4130 1755 4198; x_wconf 87' lang='lat' dir='ltr'><strong>under</strong></span> <span class='ocrx_word' id='word_1_265' title='bbox 1783 4130 1844 4197; x_wconf 83' lang='lat' dir='ltr'><strong>the</strong></span> <span class='ocrx_word' id='word_1_266' title='bbox 1873 4133 2021 4219; x_wconf 72' lang='lat' dir='ltr'><strong>penalty</strong></span> <span class='ocrx_word' id='word_1_267' title='bbox 2048 4131 2090 4200; x_wconf 90' lang='lat' dir='ltr'><strong>of</strong></span> 
     </span>
     <span class='ocr_line' id='line_1_55' title="bbox 1382 4267 1569 4338; baseline -0.011 0"><span class='ocrx_word' id='word_1_268' title='bbox 1382 4267 1569 4338; x_wconf 78' lang='lat' dir='ltr'><strong>forfeitrre.</strong></span> 
     </span>
    </p>

    <p class='ocr_par' dir='ltr' id='par_1_15' title="bbox 1384 4403 2089 5158">
     <span class='ocr_line' id='line_1_56' title="bbox 1427 4403 2088 4491; baseline 0 -19"><span class='ocrx_word' id='word_1_269' title='bbox 1427 4427 1480 4491; x_wconf 77' lang='lat'><strong>37.</strong></span> <span class='ocrx_word' id='word_1_270' title='bbox 1504 4406 1595 4472; x_wconf 84' lang='lat' dir='ltr'><strong>Also</strong></span> <span class='ocrx_word' id='word_1_271' title='bbox 1613 4403 1693 4473; x_wconf 83' lang='lat' dir='ltr'><strong>thet</strong></span> <span class='ocrx_word' id='word_1_272' title='bbox 1707 4423 1756 4471; x_wconf 90' lang='lat' dir='ltr'><strong>no</strong></span> <span class='ocrx_word' id='word_1_273' title='bbox 1769 4405 1918 4472; x_wconf 82' lang='lat' dir='ltr'><strong>butcber</strong></span> <span class='ocrx_word' id='word_1_274' title='bbox 1931 4423 1972 4472; x_wconf 91' lang='lat' dir='ltr'><strong>or</strong></span> <span class='ocrx_word' id='word_1_275' title='bbox 1985 4405 2088 4472; x_wconf 87' lang='lat' dir='ltr'><strong>other</strong></span> 
     </span>
     <span class='ocr_line' id='line_1_57' title="bbox 1386 4540 2087 4636; baseline -0.006 -26"><span class='ocrx_word' id='word_1_276' title='bbox 1386 4544 1460 4631; x_wconf 91' lang='lat' dir='ltr'><strong>buy</strong></span> <span class='ocrx_word' id='word_1_277' title='bbox 1471 4561 1543 4629; x_wconf 85' lang='lat' dir='ltr'><strong>any</strong></span> <span class='ocrx_word' id='word_1_278' title='bbox 1555 4543 1687 4623; x_wconf 58' lang='lat' dir='ltr'><strong>bearn</strong></span> <span class='ocrx_word' id='word_1_279' title='bbox 1699 4559 1804 4622; x_wconf 85' lang='lat' dir='ltr'><strong>oxen,</strong></span> <span class='ocrx_word' id='word_1_280' title='bbox 1814 4540 1924 4626; x_wconf 75' lang='lat' dir='ltr'><strong>sheep</strong></span> <span class='ocrx_word' id='word_1_281' title='bbox 1937 4559 1980 4608; x_wconf 90' lang='lat' dir='ltr'><strong>or</strong></span> <span class='ocrx_word' id='word_1_282' title='bbox 1994 4540 2087 4636; x_wconf 73' lang='lat' dir='ltr'><strong>pigo,</strong></span> 
     </span>
     <span class='ocr_line' id='line_1_58' title="bbox 1384 4676 2089 4766; baseline -0.003 -18"><span class='ocrx_word' id='word_1_283' title='bbox 1384 4679 1509 4748; x_wconf 89' lang='lat' dir='ltr'><strong>within</strong></span> <span class='ocrx_word' id='word_1_284' title='bbox 1530 4679 1592 4745; x_wconf 86' lang='lat' dir='ltr'><strong>tbe</strong></span> <span class='ocrx_word' id='word_1_285' title='bbox 1613 4686 1699 4766; x_wconf 78' lang='lat' dir='ltr'><strong>gete</strong></span> <span class='ocrx_word' id='word_1_286' title='bbox 1719 4676 1762 4745; x_wconf 89' lang='lat' dir='ltr'><strong>of</strong></span> <span class='ocrx_word' id='word_1_287' title='bbox 1777 4677 1839 4744; x_wconf 80' lang='lat' dir='ltr'><strong>the</strong></span> <span class='ocrx_word' id='word_1_288' title='bbox 1859 4687 1956 4745; x_wconf 80' lang='lat' dir='ltr'><strong>town</strong></span> <span class='ocrx_word' id='word_1_289' title='bbox 1976 4677 2089 4746; x_wconf 84' lang='lat' dir='ltr'><strong>under</strong></span> 
     </span>
     <span class='ocr_line' id='line_1_59' title="bbox 1384 4811 2087 4902; baseline -0.003 -20"><span class='ocrx_word' id='word_1_290' title='bbox 1384 4817 1446 4882; x_wconf 86' lang='lat' dir='ltr'><strong>the</strong></span> <span class='ocrx_word' id='word_1_291' title='bbox 1468 4815 1614 4902; x_wconf 86' lang='lat' dir='ltr'><strong>penalty</strong></span> <span class='ocrx_word' id='word_1_292' title='bbox 1633 4811 1827 4900; x_wconf 74' lang='lat' dir='ltr'><strong>following,</strong></span> <span class='ocrx_word' id='word_1_293' title='bbox 1852 4812 1917 4879; x_wconf 88' lang='lat' dir='ltr'><strong>but</strong></span> <span class='ocrx_word' id='word_1_294' title='bbox 1938 4814 2026 4902; x_wconf 90' lang='lat' dir='ltr'><strong>only</strong></span> <span class='ocrx_word' id='word_1_295' title='bbox 2048 4813 2087 4881; x_wconf 90' lang='lat' dir='ltr'><strong>in</strong></span> 
     </span>
     <span class='ocr_line' id='line_1_60' title="bbox 1385 4949 2089 5042; baseline 0 -22"><span class='ocrx_word' id='word_1_296' title='bbox 1385 4955 1447 5022; x_wconf 85' lang='lat' dir='ltr'><strong>the</strong></span> <span class='ocrx_word' id='word_1_297' title='bbox 1465 4951 1686 5020; x_wconf 85' lang='lat' dir='ltr'><strong>Brodemede</strong></span> <span class='ocrx_word' id='word_1_298' title='bbox 1700 4969 1741 5017; x_wconf 87' lang='lat' dir='ltr'><strong>or</strong></span> <span class='ocrx_word' id='word_1_299' title='bbox 1754 4949 1874 5018; x_wconf 88' lang='lat' dir='ltr'><strong>before</strong></span> <span class='ocrx_word' id='word_1_300' title='bbox 1894 4952 1957 5042; x_wconf 79' lang='lat' dir='ltr'><strong>tbe</strong></span> <span class='ocrx_word' id='word_1_301' title='bbox 1976 4952 2089 5020; x_wconf 79' lang='lat' dir='ltr'><strong>bouso</strong></span> 
     </span>
     <span class='ocr_line' id='line_1_61' title="bbox 1388 5087 1874 5158; baseline -0.006 0"><span class='ocrx_word' id='word_1_302' title='bbox 1388 5088 1430 5158; x_wconf 89' lang='lat' dir='ltr'><strong>of</strong></span> <span class='ocrx_word' id='word_1_303' title='bbox 1444 5091 1506 5158; x_wconf 84' lang='lat' dir='ltr'><strong>the</strong></span> <span class='ocrx_word' id='word_1_304' title='bbox 1527 5089 1648 5156; x_wconf 83' lang='lat' dir='ltr'><strong>Friars</strong></span> <span class='ocrx_word' id='word_1_305' title='bbox 1670 5087 1874 5156; x_wconf 80' lang='lat' dir='ltr'><strong>Preenhers.</strong></span> 
     </span>
    </p>
   </div>
   <div class='ocr_carea' id='block_1_6' title="bbox 0 0 2614 6596">
    <p class='ocr_par' dir='ltr' id='par_1_16' title="bbox 0 0 2614 6596">
     <span class='ocr_line' id='line_1_62' title="bbox 0 0 2614 6596; baseline 0 0"><span class='ocrx_word' id='word_1_306' title='bbox 0 0 2614 6596; x_wconf 95' lang='lat' dir='ltr'><strong> </strong></span> 
     </span>
    </p>
   </div>
  </div>
 </body>
</html>
