5194 6602
617 765 690 838 20⁸
952 763 1486 887 centecimum
1512 767 1563 856 ot
1592 764 1782 857 sustu.

615 969 654 1038 in
682 974 844 1060 personis
871 977 929 1044 vel
957 977 1062 1046 bonis
1090 997 1156 1047 nec
1185 979 1319 1068 aliquid
1348 981 1443 1068 quod
1476 983 1522 1048 ad
1553 979 1706 1048 officium
1735 981 1939 1068 hujusmodi
1971 978 2127 1073 pertinet

616 1130 680 1180 seu
706 1111 883 1200 pertinere
909 1115 1041 1202 poterit
1068 1115 1157 1185 inibi
1181 1115 1325 1198 sedent,
1346 1125 1557 1186 exomcesnt
1579 1135 1642 1185 seu
1665 1125 1887 1204 exequentur
1907 1135 1973 1184 nec
1994 1099 2126 1185 ibidein

611 1219 828 1358 judicialiter
845 1271 911 1320 nec
929 1263 1092 1340 pretextu
1113 1274 1178 1322 seu
1196 1245 1314 1322 colore
1332 1253 1538 1341 hujusmodi
1557 1252 1664 1323 officii
1684 1253 1740 1322 sui
1762 1254 1910 1348 sedeant
1928 1255 1985 1321 vel
2005 1253 2128 1322 sedeat
2210 1333 2215 1342 ,

615 1385 859 1471 quouismodo
925 1387 974 1455 Et
1007 1387 1103 1475 quod
1139 1389 1257 1457 nullus
1293 1387 1567 1458 communitatis
1601 1387 1687 1456 ville
1715 1387 1873 1476 predicte
1901 1407 1968 1456 nec
1997 1389 2126 1475 aliquis

615 1522 804 1611 burgensis
831 1523 915 1592 ville
948 1525 1107 1611 ejusdem
1140 1546 1207 1612 pro
1239 1497 1400 1613 temme
1432 1525 1592 1594 existens
1628 1544 1694 1594 nec
1725 1525 1855 1614 aliquis
1883 1524 1975 1592 infru
2002 1526 2127 1593 eedem

614 1658 749 1742 villam
792 1661 961 1728 suburbia
1003 1673 1040 1730 et
1083 1662 1301 1731 Comitatum
1345 1682 1411 1750 pro
1453 1672 1613 1750 tempore
1662 1662 1822 1731 residens
1865 1681 1928 1730 seu
1971 1662 2129 1730 existens

614 1797 776 1866 deoetero
804 1799 965 1902 trehatur
992 1801 1030 1868 in
1065 1801 1237 1894 placitum
1274 1801 1414 1870 autad
1448 1801 1733 1890 respondendum
1770 1799 2005 1886 quouismodo
2033 1817 2129 1866 eom·

614 1935 768 2020 pelletur
795 1935 887 2004 inira
915 1937 1039 2005 eedem
1071 1938 1206 2018 villam,
1242 1937 1423 2019 suburbia,
1452 1937 1672 2026 procinctum
1702 1947 1738 2004 et
1763 1935 1978 2006 comitatum
2008 1955 2126 2003 eorem

614 2071 773 2158 predicto
800 2072 1000 2141 Admirello
1029 2093 1093 2142 seu
1121 2074 1332 2142 Admirallis
1361 2095 1425 2143 seu
1450 2075 1528 2161 ejus
1557 2083 1620 2142 sut
1647 2093 1770 2142 eorum
1796 2073 2126 2153 locumtenentibus,

615 2207 876 2291 commissariis,
919 2209 1091 2280 ministris
1140 2231 1204 2279 seu
1256 2212 1436 2300 deputatis
1481 2231 1547 2300 pro
1590 2221 1750 2296 tempore
1800 2210 2035 2278 existentibus
2078 2211 2125 2278 ad

615 2353 748 2411 sectam
802 2353 972 2428 nostram,
1018 2346 1187 2414 heredum
1230 2351 1289 2416 vel
1343 2369 1585 2418 successorum
1630 2357 1829 2418 nostrorum
1873 2367 1940 2415 nec
1980 2346 2125 2415 aterius

614 2482 874 2568 cujuscumque,
903 2502 966 2551 seu
995 2484 1067 2552 alio
1094 2485 1202 2552 modo
1226 2504 1448 2573 quocumque
1475 2485 1523 2552 de
1550 2486 1659 2553 rebus
1687 2503 1795 2572 super
1822 2503 1921 2551 mere
1951 2485 2009 2550 vel
2038 2483 2126 2551 olibi

613 2615 727 2698 tactis,
756 2637 823 2687 nec
850 2621 897 2687 de
924 2620 1102 2706 aliquibus
1138 2625 1390 2706 contractibus,
1428 2623 1741 2702 conuencionibus,
1769 2620 2123 2708 transgressionibus,

613 2755 874 2840 contemptibus
908 2758 1151 2844 mesprisionis
1179 2768 1242 2828 aut
1272 2761 1354 2829 aliis
1382 2759 1538 2842 offensis,
1568 2761 1676 2828 rebus
1704 2759 1762 2825 vel
1791 2757 1952 2825 meteriis
1979 2757 2125 2843 quibus·

614 2909 764 2976 cumque
806 2911 871 2980 per
912 2903 1042 2961 terram
1085 2913 1148 2963 seu
1190 2916 1256 2984 per
1306 2917 1436 2986 equam
1486 2896 1699 2986 pemeustis
1749 2913 1813 2962 seu
1863 2892 2125 2980 emergentibus

614 3027 858 3113 quouismodo.
911 3029 960 3097 Et
992 3032 1088 3116 quod
1127 3051 1193 3098 nec
1230 3032 1380 3118 predicti
1409 3033 1529 3120 Major
1561 3042 1599 3101 et
1635 3017 1881 3100 Communites
1910 3049 1976 3096 nec
2003 3048 2123 3097 eorum

614 3181 835 3260 successores
883 3185 948 3233 nec
991 3167 1197 3236 Vtcecomes
1242 3169 1440 3238 Comitatus
1491 3170 1641 3258 predicti
1674 3190 1739 3257 pro
1767 3180 1927 3255 tempore
1954 3167 2122 3249 existens,

614 3318 680 3367 nec
719 3301 848 3389 aliquis
887 3305 979 3371 alius
1017 3305 1109 3372 infre
1148 3307 1274 3373 eadem
1303 3307 1437 3387 villam,
1476 3298 1703 3386 comitatum,
1734 3307 1935 3372 libertatem
1971 3311 2009 3369 et
2043 3322 2124 3389 pro·

612 3436 764 3505 cinctum
803 3440 993 3508 eorundem
1033 3441 1192 3510 residens
1231 3463 1294 3510 seu
1333 3463 1399 3531 pro
1437 3453 1597 3530 tempore
1637 3444 1795 3511 existens
1832 3442 2008 3529 prefatum
2047 3441 2123 3508 Ad·

611 3573 787 3642 mirallum
827 3595 894 3643 nec
931 3575 1087 3663 prefatos
1123 3577 1343 3646 Admirallos
1378 3599 1445 3648 nec
1474 3581 1552 3666 ejus
1580 3590 1644 3648 eut
1679 3598 1800 3647 eorum
1829 3581 2119 3656 locumtenentes,
2174 3545 2179 3556 Ι

608 3865 672 3914 seu
711 3844 828 3915 officia
867 3868 932 3916 sue
970 3850 1172 3937 huiusmodi
1214 3853 1346 3922 ibidem
1383 3873 1569 3923 excercere
1605 3854 1813 3941 permittent
1849 3871 1912 3919 seu
1941 3850 2122 3937 permittet

609 4003 675 4052 nec
703 3984 756 4052 eis
786 4003 853 4052 nee
888 4005 1008 4054 eorum
1045 3991 1221 4076 preceptis
1250 4001 1312 4059 eut
1346 3993 1526 4060 mandetis
1558 3992 1690 4060 ibidem
1720 3987 1940 4076 exequendis
1968 3985 2122 4067 obediet

609 4120 782 4202 intendat,
810 4120 979 4190 obediant
1012 4126 1070 4193 vel
1101 4125 1290 4196 intendent
1325 4131 1388 4196 sed
1422 4130 1475 4197 eis
1510 4130 1542 4196 si
1575 4138 1698 4197 contra
1728 4128 1823 4193 hanc
1858 4123 2121 4192 concessionem

609 4237 766 4324 nostram
807 4258 844 4324 in
881 4259 1000 4344 aliquo
1034 4264 1321 4333 contrauenerint
1348 4265 1513 4333 resistere
1549 4275 1586 4334 et
1621 4262 1821 4331 disobedire
1850 4261 1949 4330 licite
1977 4262 2120 4329 valeant

607 4404 646 4461 et
674 4396 819 4482 impune
858 4397 991 4483 absque
1029 4398 1207 4485 aliquibus
1247 4401 1485 4490 impericione,
1514 4401 1767 4471 molestecione
1803 4419 1866 4496 seu
1902 4398 2120 4487 greuemine,

608 4529 838 4612 forisfactura,
866 4552 960 4620 pena
994 4544 1055 4604 eut
1091 4536 1211 4622 aliquo
1247 4539 1431 4628 deperdito
1461 4539 1566 4608 nohis
1594 4541 1652 4606 vel
1681 4537 1870 4606 heredibus
1894 4504 2030 4604 ‘nostris
2059 4543 2121 4601 eut

607 4667 809 4752 hujusmodi
848 4669 1035 4740 admiralio
1074 4661 1148 4740 seu
1173 4675 1368 4743 admirellis
1402 4677 1517 4744 nostri
1544 4686 1608 4744 aut
1635 4675 1809 4742 dictorum
1837 4672 2005 4741 heredum
2035 4690 2118 4738 nos·
2247 4650 2252 4658 ’

501 4853 513 4878 ,
609 4811 740 4870 trorum
784 4823 850 4890 pro
894 4814 1050 4891 tempore
1090 4809 1323 4877 existencium
1364 4811 1493 4908 fiendo,
1533 4811 1714 4891 soluendo,
1753 4807 1999 4878 forisfeciendo
2044 4805 2120 4874 siue

607 4940 841 5026 quouismodo
869 4941 1032 5008 leuando.
1076 4943 1124 5010 Et
1153 4944 1298 5033 insuper
1326 4948 1371 5015 de
1388 4949 1523 5038 'gracia
1551 4956 1674 5016 nostre
1702 4946 1850 5033 speciali
1879 4964 1922 5012 ec
1950 4963 1997 5010 ex
2022 4961 2118 5009 mero

608 5043 706 5145 ΠΜ
735 5087 772 5144 ei
800 5087 897 5144 00st³
925 5079 1079 5162 lciencie
1114 5083 1245 5150 uostris
1281 5085 1449 5171 predictis
1478 5106 1544 5173 pro
1574 5085 1678 5153 nobis
1706 5095 1743 5153 et
1771 5082 1960 5154 heredibus
1989 5079 2120 5147 nostris
