5196 6594
434 4588 452 4638 l.
466 4587 540 4640 nobb.

605 765 678 855 236
943 755 1041 848 libe
1064 757 1203 848 little
1227 757 1481 849 sessori
1506 759 1556 850 ot
1586 759 1776 852 tltlstol

820 969 1100 1050 Mensandum
1132 1000 1173 1048 as
1205 982 1240 1048 lo
1281 972 1435 1074 Waeigits
1466 973 1594 1073 fftlu
1628 977 1749 1076 Staple
1786 976 1909 1053 court.

736 1117 1007 1189 Memorandum
1029 1123 1125 1209 quod
1145 1123 1314 1192 vioeslmo
1335 1123 1393 1190 die
1410 1123 1574 1211 Aprillis,
1589 1145 1687 1193 enno
1706 1125 1808 1214 regni
1833 1123 1950 1214 Regis
1969 1125 2117 1194 Riterdi

606 1257 755 1326 secundi
784 1259 921 1326 decimo
950 1255 1081 1350 [1387].
1110 1268 1269 1347 tempore
1296 1259 1433 1328 Tbome
1461 1261 1573 1348 Knep
1601 1272 1687 1331 tunc
1715 1263 1880 1352 Majorie,
1908 1261 2049 1331 iuenrnt
2077 1265 2116 1331 ln

610 1393 759 1462 Camere
795 1394 944 1463 Consilii
979 1397 1136 1484 quinque
1171 1417 1329 1486 mengue
1364 1399 1523 1486 pondero
1558 1402 1751 1489 tangentis
1787 1401 1930 1470 Curiam
1966 1400 2116 1490 Stapule

608 1532 704 1600 facta
731 1533 777 1600 oe
805 1551 895 1600 enee
918 1542 956 1599 et
984 1533 1128 1621 signata
1156 1535 1201 1602 se
1229 1535 1336 1622 signo
1361 1534 1496 1602 domini
1521 1530 1649 1625 Reges·
1673 1507 1716 1605 st'
1733 1539 1916 1624 quourset
1940 1537 2114 1606 ucemm

611 1671 767 1757 quinque
795 1672 991 1758 ponderum
1020 1671 1177 1738 eontinet
1201 1673 1239 1758 jc
1267 1672 1388 1740 libras.

741 1805 834 1874 Item
862 1779 887 1893 ij
918 1807 991 1874 alie
1017 1810 1175 1893 pondera
1204 1810 1249 1876 de
1276 1829 1377 1891 eneo,
1406 1808 1589 1896 quodlibet
1617 1807 1775 1874 eontinet
1803 1807 1879 1893 xiiij
1910 1807 2032 1875 librae.

742 1945 833 2013 Item
862 1945 886 2032 ij
918 1945 991 2012 alia
1017 1950 1177 2034 pondere
1204 1949 1250 2017 de
1273 1968 1363 2018 eneo
1387 1949 1494 2034 facte,
1519 1950 1704 2036 quodlibet
1729 1949 1886 2016 eontinet
1914 1947 1962 2036 vij
1992 1947 2116 2016 libras.

854 2137 947 2214 Note
978 2139 1026 2238 eff
1051 2139 1190 2219 French
1223 2141 1414 2218 Prismurs
1445 2139 1616 2240 captured
1643 2148 1685 2214 al
1725 2137 1876 2236 Wt'tby.

739 2289 1011 2358 Memorandum
1027 2291 1120 2376 quod
1136 2309 1231 2356 enno
1245 2301 1360 2356 xxx·¹⁰
1374 2288 1491 2377 Regis
1506 2288 1654 2356 Henrici
1668 2287 1723 2376 vii
1743 2285 1900 2379 [¹4s¹·2]
1922 2287 2117 2356 Prisonerii

610 2434 798 2512 sequentes
813 2425 909 2512 cepti
925 2425 1065 2494 fuerunt
1078 2446 1143 2513 per
1154 2426 1287 2493 donum
1302 2425 1372 2492 Dei
1386 2428 1482 2513 apud
1502 2425 1643 2494 Wbitbi
1657 2427 1696 2494 in
1711 2427 1882 2494 comitutu
1896 2427 2113 2496 Eboreoensi

609 2562 774 2631 videlieet
783 2590 839 2629 :—
1852 2552 1855 2572 ³

739 2699 867 2767 Petrus
891 2700 938 2767 de
965 2699 1136 2781 Breselle,
1165 2697 1392 2768 senescallus
1419 2701 1570 2770 Francis
1596 2712 1633 2771 et
1660 2703 1891 2772 Normennie.

738 2834 936 2902 Bestmrius
957 2837 1003 2903 de
1024 2834 1225 2916 Οτῑίειιιιοο,
1248 2833 1376 2904 Comes
1397 2837 1536 2906 Donuis
1557 2849 1594 2906 et
1614 2839 1661 2906 de
1683 2839 1890 2928 Longvyle.¹

738 2972 872 3058 Jeques
892 2972 938 3040 de
960 2973 1159 3052 Clermonm
1182 2973 1344 3040 Belliuue
1365 2974 1411 3040 de
1433 2973 1531 3044 Cane
1553 2971 1696 3065 [Ceen].

739 3106 889 3178 Carolus
910 3109 955 3176 de
975 3108 1125 3188 Murrus,
1148 3107 1366 3197 Copiteneus
1392 3111 1437 3177 de
1458 3109 1561 3196 Depe
1582 3107 1768 3202 [DieppeJ.

741 3243 945 3313 willelmus
965 3245 1183 3334 Menypeny‚
1202 3243 1360 3314 Clericus
1375 3256 1411 3313 et
1424 3246 1560 3314 Doctor
1573 3245 1611 3314 in
1625 3209 1794 3335 legibus.
1839 3247 1888 3315 Et
1900 3266 1941 3315 cc
1953 3247 2116 3316 homines

828 3383 867 3450 in
889 3383 998 3451 ermis
1018 3383 1056 3449 in
1077 3403 1206 3450 nouem
1229 3383 1392 3450 nauibus.

769 3560 1001 3662 Acquittonce
1019 3558 1093 3658 for
1119 3558 1175 3632 the
1200 3558 1318 3634 Farm
1351 3558 1400 3657 of
1422 3558 1479 3633 tle
1519 3557 1626 3634 Torret
1654 3557 1702 3657 eff
1723 3557 1874 3648 Bristol‚
1906 3569 1964 3636 etc.

740 3707 1011 3775 Memorandum
1026 3709 1121 3793 quod
1134 3717 1199 3774 κιο
1216 3707 1275 3774 die
1281 3705 1381 3791 Julii,
1394 3706 1504 3775 Anno
1513 3709 1568 3794 xj⁰
1585 3706 1702 3794 Regis
1716 3707 1883 3775 Edwardi
1897 3705 1973 3794 ffijs
1984 3705 2117 3800 [147¹]·

612 3843 695 3932 Ego
704 3842 883 3911 Ricardus
893 3845 1041 3933 Kayton
1049 3846 1166 3933 reoepi
1179 3846 1224 3913 de
1236 3845 1400 3929 Johanne
1414 3843 1589 3932 shepard,
1600 3844 1749 3925 seniore,
1761 3844 1918 3913 Henrioo
1927 3831 2117 3934 Vaugban,

610 3981 774 4066 Jobenne
809 3981 918 4064 Poke,
953 3981 1117 4066 Jobanne
1153 3981 1298 4050 Goderd
1334 3993 1371 4050 et
1404 4001 1515 4050 uxore
1550 4001 1663 4066 nuper
1697 3981 1872 4065 Johennis
1904 3979 2117 4050 Nanoutbuu

611 4117 697 4186 mlt’.
719 4119 810 4186 x'ixr.
833 4117 902 4205 vid.
926 4119 973 4186 ed
994 4120 1202 4187 soluendum
1223 4139 1289 4206 pro
1309 4115 1413 4187 mma
1432 4119 1517 4187 ville
1538 4117 1721 4186 Bristollie
1742 4127 1778 4186 et
1791 4137 1857 4204 pro
1870 4117 1986 4186 vadiis
2000 4116 2117 4187 Cosiri

613 4264 650 4323 et
672 4255 829 4336 Foreste,
844 4263 923 4336 eto,
938 4254 977 4321 in
991 4251 1177 4323 Seaocerio
1191 4255 1326 4323 domini
1342 4255 1457 4344 Regis
1471 4256 1567 4342 apud
1581 4253 1947 4336 westmonasterium,
1962 4263 2030 4324 eto.

1183 4431 1307 4505 Assize
1339 4430 1386 4530 of
1409 4429 1542 4506 Bread.

743 4577 833 4644 Dies
854 4577 967 4645 essise
987 4579 1046 4644 die
1065 4580 1149 4646 lune
1163 4580 1326 4666 proximo
1346 4587 1429 4665 poet
1449 4577 1578 4646 festttm
1597 4576 1853 4664 Conoepcionis
1873 4577 1985 4644 Beete
2001 4577 2118 4644 Merle

617 4713 704 4801 lover·
726 4713 786 4780 die
810 4713 935 4780 mertis
958 4713 996 4780 in
1023 4714 1148 4800 vigilie
1177 4717 1292 4783 sancti
1321 4714 1484 4802 Gregorii
1509 4734 1604 4803 pepe
1628 4713 1899 4803 emeris-dies
1924 4715 2036 4784 essise
2060 4716 2119 4783 die

616 4847 741 4915 mertis
760 4847 924 4933 proximo
944 4859 1027 4934 post
1046 4849 1175 4918 festum
1196 4850 1381 4919 Trinitatis
1404 4851 1491 4940 (over
1513 4853 1629 4938 primo
1654 4851 1714 4919 die
1739 4851 1959 4939 Septembris
1980 4851 2118 4942 mmcd).

689 5093 2055 5166 ¹neodem-renoba,Countolnonoissnduonguevffleunomstbelinmdolmluns
