5230 6594
564 777 613 868 56
903 765 1000 858 nee
1026 764 1165 856 litte
1190 765 1288 856 neo
1313 765 1442 860 noel
1466 765 1517 856 ot
1546 764 1732 858 mistel

563 989 694 1050 terrem
722 979 897 1064 Johsnnis
925 978 1123 1054 Sellewode
1150 999 1258 1065 quem
1281 979 1463 1064 Johnnnes
1492 975 1617 1068 Spyne
1645 987 1743 1048 tenet
1771 998 1819 1048 ex
1853 986 1956 1066 perte
1990 997 2073 1062 vnn,

561 1113 1860 1206 esserramsohannisctyueexpartealtomporvisumltogeri
1894 1111 2073 1196 waram,

562 1251 760 1322 eommunis
799 1249 1033 1338 superuisoris
1072 1249 1158 1320 ville
1198 1249 1379 1318 Bristollie
1418 1249 1532 1328 dlcte;
1583 1249 1806 1334 Jurstoribus
1841 1247 2001 1320 euomfis
2038 1257 2076 1316 et

563 1387 758 1476 assignetis
786 1407 849 1456 eos
879 1386 1073 1456 secundum
1109 1385 1361 1454 discretionem
1399 1371 1500 1454 suem
1536 1407 1583 1456 ex
1620 1405 1769 1455 assensu
1799 1385 1959 1474 poncium
1994 1403 2074 1470 pte·
2171 1455 2174 1460 .

563 1523 737 1592 dictarum
766 1523 805 1590 in
831 1523 911 1590 visu
947 1521 1106 1608 predicto
1142 1523 1383 1592 informandos
1419 1543 1483 1610 per
1518 1532 1779 1592 sacramentum
1814 1521 1902 1592 dicti
1937 1519 2075 1608 Repeti

564 1659 743 1742 Wenstre,
793 1658 968 1743 Iohannis
1026 1658 1175 1740 Bruton,
1225 1659 1399 1726 Willelmi
1460 1659 1632 1742 Chedder,
1684 1655 1858 1728 willelmi
1916 1657 2074 1744 Temple,

562 1795 737 1881 Iohannis
788 1793 934 1875 Gibbes,
985 1795 1159 1867 Willelmi
1211 1795 1385 1880 Holrford,
1444 1795 1597 1864 Roberti
1657 1795 1875 1882 Tonbrigge,
1926 1793 2075 1868 Rite-tili

561 1931 726 2020 Alkeley‚
766 1931 940 2016 Johannis
990 1931 1120 2015 Baiter,
1173 1931 1322 1998 Henrici
1372 1931 1575 2014 Comisshe,
1619 1929 1793 2002 Willelmi
1836 1929 1996 1998 Boniour
2035 1938 2075 1996 et

563 2067 737 2153 Johannis
766 2069 945 2149 Pascowe,
975 2067 1037 2153 qui
1065 2067 1189 2135 dicunt
1217 2088 1324 2154 super
1352 2077 1612 2136 sacramentum
1646 2088 1748 2135 suum
1781 2069 1876 2153 quod
1911 2065 2075 2132 viderunt

564 2215 695 2272 terram
724 2205 881 2290 predicte
903 2204 1151 2272 Fraternitetis
1176 2225 1257 2271 cum
1287 2207 1441 2291 quodam
1470 2225 1570 2272 muro
1599 2205 1744 2292 lapideo
1765 2204 1803 2270 in
1824 2202 1952 2270 boriali
1972 2210 2075 2287 parte

564 2343 617 2408 eis
642 2341 712 2430 (sic)
738 2351 877 2408 tantum
906 2341 1116 2428 pertinente,
1142 2342 1321 2426 jacentem
1350 2341 1388 2408 in
1417 2343 1496 2410 vioo
1523 2342 1568 2408 de
1598 2341 1783 2408 Bredstret
1811 2341 1983 2426 predicto.
2011 2357 2074 2406 ex·

563 2478 767 2546 tendentem
797 2499 820 2545 a
847 2477 1021 2546 cimiterio
1057 2476 1182 2546 Sancti
1219 2477 1395 2562 Johennis
1434 2477 1472 2545 in
1510 2477 1696 2565 posteriori
1735 2487 1836 2564 parte
1874 2497 1986 2563 vsque
2026 2477 2075 2545 ed

563 2625 803 2683 tenementum
830 2615 1005 2700 Johannis
1032 2615 1142 2683 Terre
1171 2635 1294 2682 versus
1319 2615 1435 2683 vicum
1465 2616 1622 2684 anterius
1650 2615 1689 2682 in
1721 2625 1822 2700 purte
1851 2613 2075 2694 occidentali,

564 2761 601 2819 et
643 2751 802 2818 continet
844 2751 882 2818 in
921 2751 1145 2840 longitudine
1184 2761 1337 2833 centum,
1375 2752 1613 2840 quadraginta
1656 2771 1723 2819 sex
1760 2752 1871 2840 pedes
1907 2760 1944 2818 et
1994 2745 2075 2818 octo

565 2883 723 2971 pollices,
752 2893 789 2951 et
819 2885 999 2970 predictus
1027 2905 1148 2952 murus
1176 2886 1335 2952 continet
1361 2883 1401 2950 in
1431 2903 1471 2951 se
1499 2885 1537 2951 in
1566 2884 1789 2972 longitudine
1818 2907 1842 2953 a
1870 2897 2075 2954 tenemento

565 3020 653 3088 dieti
691 3021 865 3105 Johannis
902 3021 1012 3088 Terre
1058 3023 1097 3088 in
1139 3021 1327 3110 posteriori
1366 3032 1469 3106 perte
1511 3040 1624 3107 vsque
1668 3021 1714 3087 ed
1757 3021 1874 3089 vicum
1918 3021 2077 3091 anterius

564 3157 715 3244 triginta
742 3166 893 3243 quatuor
920 3159 1041 3243 pedes,
1071 3159 1162 3226 duos
1190 3158 1340 3247 pollines
1368 3166 1405 3224 et
1434 3157 1641 3233 dimidium
1685 3157 1810 3224 dicunt
1837 3158 1951 3226 οοὶαω
1981 3161 2078 3246 quod

563 3295 727 3381 predicta
754 3305 849 3362 terra
878 3295 1037 3362 continet
1065 3295 1105 3362 in
1134 3316 1173 3364 se
1201 3295 1240 3361 in
1267 3293 1457 3362 latitudine
1486 3295 1524 3362 in
1552 3295 1712 3380 predicto
1739 3295 1819 3363 vieo
1844 3295 2004 3362 anterius
2038 3293 2078 3361 in

565 3432 682 3518 capite
710 3429 840 3517 viginti
869 3431 959 3498 duos
987 3433 1108 3518 pedes,
1139 3442 1275 3518 septem
1300 3431 1449 3519 pollices
1482 3441 1519 3498 et
1552 3431 1747 3512 dimidium,
1783 3431 1951 3534 uidelicet
1986 3431 2078 3500 inter

568 3575 809 3634 tenementum
830 3567 980 3655 predicti
1000 3567 1177 3650 Iohannis
1204 3567 1314 3635 Terre
1334 3587 1382 3635 ex
1401 3577 1504 3655 parte
1525 3587 1598 3634 vna
1618 3576 1656 3635 et
1675 3577 1915 3636 tenementum
1943 3565 2079 3634 'l'home

565 3704 684 3772 Broke
712 3723 759 3772 ex
790 3713 891 3790 perte
920 3705 1055 3781 sltem
1078 3705 1202 3772 dicunt
1224 3703 1373 3772 ulterius
1401 3705 1496 3791 quod
1524 3705 1684 3790 predicte
1709 3713 1803 3772 terre
1841 3706 2003 3773 extendit
2038 3725 2079 3774 se

564 3841 604 3908 in
652 3841 876 3929 longitudine
904 3861 927 3907 a
955 3841 1113 3928 predicto
1158 3842 1237 3908 vico
1281 3841 1439 3908 anterius
1482 3842 1521 3907 in
1561 3851 1662 3927 parte
1702 3843 1850 3910 australi
1884 3862 1997 3929 usque
2030 3843 2079 3911 ed

567 3983 757 4066 quemdam
787 4001 926 4049 mumm
955 3983 1057 4070 cujus
1085 3983 1259 4050 medietas
1288 3992 1428 4051 constat
1452 3981 1683 4050 Fraternitati
1711 3983 1868 4068 predicte
1895 3991 1933 4050 et
1967 3985 2081 4052 altere

571 4117 744 4186 medietas
771 4117 929 4202 Johanni
958 4118 1083 4206 Clyue,
1109 4119 1287 4207 Burgensi
1315 4119 1400 4186 ville
1434 4119 1609 4202 Bristoll.,
1642 4128 1678 4186 et
1714 4121 1872 4187 eontinet
1907 4119 2081 4207 quinque·

570 4255 675 4344 ginta
702 4257 813 4343 pedes
834 4259 975 4346 regales
996 4267 1033 4326 et
1054 4260 1177 4328 decem
1197 4260 1366 4346 pollicem
1388 4259 1451 4348 qui
1472 4259 1616 4345 quidem
1637 4279 1758 4326 murus
1779 4258 1870 4326 sicvt
1890 4258 2082 4346 predicitur

570 4391 707 4460 diuisus
735 4393 896 4460 extendit
926 4414 965 4462 se
994 4395 1032 4462 in
1060 4393 1285 4483 longitudine
1314 4415 1426 4484 vsque
1456 4396 1502 4462 ed
1531 4395 1719 4482 quemdem
1756 4396 1906 4462 alterum
1942 4413 2081 4466 murum

568 4527 664 4596 dicte
691 4527 923 4600 Fretemiteti
961 4539 1101 4599 tantum
1140 4532 1388 4620 pertinentem,
1429 4542 1467 4599 et
1501 4531 1662 4600 continet
1698 4532 1937 4620 quadrsgints
1972 4551 2082 4602 vnum

571 4665 682 4750 pedes
732 4674 770 4732 et
820 4683 930 4734 vnum
979 4667 1157 4753 pollicem,
1207 4677 1246 4736 et
1294 4667 1475 4756 predictus
1524 4667 1684 4756 integrus
1723 4687 1844 4734 murus
1879 4667 1933 4736 sic
1966 4667 2083 4736 eidem

571 4797 803 4866 Fraternitati
834 4800 1018 4887 pertinens
1050 4805 1212 4872 extendit
1241 4825 1280 4872 se
1308 4805 1347 4872 in
1375 4804 1600 4892 longitudine
1639 4823 1750 4889 vsque
1788 4805 1836 4870 ad
1872 4803 2083 4876 cimiterium

575 4932 700 5004 Sancti
726 4935 903 5020 Johnnnis
931 4939 970 5006 in
1004 4941 1193 5026 posteriori
1228 4951 1329 5028 parte
1366 4950 1403 5008 et
1444 4942 1492 5007 ed
1528 4941 1718 5029 quemdem
1755 4940 1906 5008 alterum
1945 4961 2083 5010 murum

576 5083 816 5142 transuersum
845 5075 939 5145 dicte
970 5077 1202 5146 Fraterniteti
1238 5087 1377 5146 tantum
1414 5077 1649 5164 pertinentem
1687 5087 1725 5146 et
1763 5078 1922 5148 continet
1959 5089 2084 5166 quster
