5194 6602
573 797 645 852 222
907 771 1006 864 dhe
1028 768 1169 862 little
1191 771 1290 860 Rtb
1315 771 1444 862 Book
1468 770 1519 862 ol
1549 769 1738 863 instet

573 985 704 1073 uliquis
726 1005 849 1055 eorum
870 985 992 1056 feumit
1016 995 1054 1054 et
1078 1005 1185 1074 super
1208 985 1277 1054 hoc

572 1130 738 1209 vom
756 1121 817 1190 νει
837 1141 959 1190 eorum
980 1121 1110 1210 nuque
1136 1131 1277 1208 vomat

573 1258 738 1328 ouuuinci
761 1260 856 1346 quod
877 1259 993 1348 primo
1010 1259 1076 1327 ille
1094 1259 1204 1327 blada
1225 1257 1278 1326 sic

573 1395 1279 1482 emptedehenteseelorisfnctaetpenis

573 1529 658 1598 inde
689 1529 767 1598 fieri
798 1541 836 1600 et
871 1532 1034 1600 distribui
1069 1531 1279 1620 prisonuriis

574 1668 671 1756 apud
691 1667 964 1756 Moukehrigge.
1008 1667 1103 1736 Etsi
1122 1669 1278 1736 seeundo

572 1801 704 1870 fuerim
748 1803 902 1870 conuicti
945 1803 1109 1870 similiter
1146 1802 1278 1870 debent

572 1937 637 2006 ille
664 1939 775 2007 bleda
802 1959 883 2006 esse
905 1939 1086 2008 forisfecte
1110 1949 1146 2008 ot
1171 1941 1279 2026 penis

573 2075 658 2146 iude
693 2073 771 2144 fieri
806 2085 843 2144 et
885 2077 1050 2144 distribui
1086 2087 1125 2144 vt
1166 2075 1276 2163 prius.

574 2213 680 2280 Etsi
705 2214 817 2282 tercio
841 2213 971 2282 fuerint
999 2213 1152 2282 conuicti
1181 2213 1276 2300 quod

574 2347 638 2414 ille
660 2349 769 2416 blada
790 2358 894 2416 erum
915 2347 1095 2416 forisfacto
1114 2361 1152 2416 et
1171 2348 1278 2435 penis

574 2481 661 2550 inde
684 2481 761 2550 fieri
785 2494 823 2552 et
847 2485 1012 2552 distribui
1037 2495 1076 2552 vt
1100 2505 1218 2572 supra,
1242 2494 1279 2552 et

574 2621 827 2689 nichilominus
838 2621 1052 2708 abjurebunt
1064 2623 1122 2688 vel
1136 2623 1278 2709 abjura-

574 2755 629 2823 blt
643 2753 795 2824 odicium
818 2776 921 2824 suum
942 2777 1007 2844 per
1018 2777 1127 2822 vnum
1146 2777 1279 2824 annum

575 2902 613 2960 et
635 2911 745 2960 vuum
771 2891 877 2959 diem.

626 3277 714 3355 DE
760 3276 973 3354 BRASIA
981 3278 1021 3354 T
1015 3277 1227 3358 ORIBUS.

622 3449 847 3519 Prohibitum
867 3459 922 3520 est
943 3472 1008 3540 per
1022 3453 1131 3520 breue
1144 3453 1280 3522 domini

578 3587 695 3675 Regis
724 3609 770 3656 ne
798 3588 879 3674 quis
914 3588 1099 3657 Bresi'etor
1128 3589 1165 3656 in
1193 3590 1281 3656 villa

578 3723 764 3793 Bristollie
785 3745 850 3793 nec
870 3725 909 3792 in
931 3726 1099 3794 suburbio
1121 3725 1280 3811 ejusdem

576 3859 662 3928 ville
682 3881 749 3928 nec
778 3861 989 3948 quicumque
1010 3860 1074 3928 elii
1094 3861 1280 3931 comisiam

576 3998 771 4065 vendentes
786 3997 919 4066 ibidem
933 4006 994 4065 eut
1016 3997 1102 4065 elffii
1116 3998 1155 4064 in
1168 4019 1281 4088 regno

578 4132 713 4220 Anglie
741 4134 899 4199 vendent
930 4133 1097 4220 logenam
1125 4135 1282 4204 melioris

579 4267 728 4337 oeruisie
771 4274 888 4336 carius
924 4289 1031 4356 quam
1067 4289 1132 4358 pro
1169 4271 1282 4339 tribus

579 4408 707 4490 obolis,
722 4415 758 4476 et
778 4407 959 4476 debilioris
981 4409 1128 4477 ceruisie
1149 4429 1215 4497 pro
1230 4408 1280 4498 jd.

579 4543 627 4610 Et
642 4544 727 4630 quia
740 4542 859 4630 Major
872 4552 908 4613 et
930 4543 1175 4616 Communitas
1196 4545 1282 4614 ville

578 4678 760 4746 Bristollie
782 4681 909 4748 timent
930 4701 970 4748 se
990 4681 1148 4768 grauiter
1163 4683 1282 4770 puniri

580 4815 651 4882 nisi
686 4815 750 4883 ille
786 4816 900 4884 assisa
935 4815 974 4883 in
1008 4817 1169 4904 predicte
1195 4821 1284 4887 villa

580 4949 729 5020 firmiter
741 4953 948 5021 obseruemr
965 4973 1029 5041 per
1042 4955 1185 5022 eosdem
1199 4977 1283 5026 vero

581 5087 756 5174 Maiorem
803 5096 841 5156 et
884 5087 1181 5158 Communitetem
1225 5091 1283 5158 die

1375 985 1629 1074 onmyuey.
1673 983 2079 1072 Audiltheyornny

1373 1120 2078 1191 oithemehulldosoundoithisceu

1372 1256 2077 1338 heoonvicted.tbetlortbefirsttime

1375 1395 2106 1490 tbeoornsopuruhesedoughttobe·

1375 1533 1537 1602 forfeited
1564 1533 1637 1601 und
1669 1533 1780 1602 breed
1808 1533 1914 1599 mede
1942 1530 2084 1598 thereos

1377 1666 2078 1753 uuddistributedtotheprisoumsat

1377 1803 1672 1890 Moukenhridge
1700 1800 2078 1888 Andiltheyshellbe

1376 1937 2079 2008 convictedcseooudtimetheooru

1376 2071 2081 2164 oughtlikewisetobeforieitedend

1376 2207 2080 2280 breadmdetnexeotanddisnibuoed

1377 2367 1420 2416 us
1446 2345 1578 2416 before
1621 2347 1769 2416 Audit
1798 2349 1885 2436 they
1913 2347 2006 2414 shell
2033 2345 2079 2414 he

1377 2485 2080 2554 convictednthirdtimethattheoorn

1378 2623 1472 2690 shall
1494 2623 1542 2690 be
1565 2621 1727 2690 forfeited
1749 2622 1821 2689 eud
1841 2623 1953 2688 breed
1973 2621 2078 2687 mede

1379 2757 1520 2827 thereos
1543 2759 1616 2826 und
1644 2757 1856 2826 distributed
1881 2777 1923 2824 es
1954 2757 2079 2830 above.

1379 2895 1931 2981 endneverthelessthcyshnll
1958 2895 2082 2979 abjure

1379 3029 1829 3120 theiroffioeiorayeer
1858 3031 2079 3117 endedey.

1526 3281 1601 3361 OF
1641 3279 1935 3358 BREWERS.

1421 3457 1456 3526 lt
1484 3457 1516 3526 is
1542 3455 1730 3524 forbidden
1764 3455 1815 3543 by
1850 3455 1912 3522 the
1946 3453 2081 3540 Kingts

1376 3594 1455 3662 writ
1477 3594 1557 3660 thet
1582 3613 1653 3681 any
1674 3593 1809 3660 brewer
1829 3591 1869 3657 in
1894 3591 1956 3657 the
1980 3598 2077 3688 town

1378 3730 1420 3798 of
1442 3731 1576 3798 Bristol
1596 3749 1638 3797 or
1657 3729 1697 3796 in
1718 3729 1780 3796 the
1800 3728 1933 3794 suburb
1954 3723 1997 3792 oi
2019 3724 2081 3792 the

1378 3887 1478 3936 ωηο
1506 3877 1613 3948 town,
1637 3885 1679 3934 or
1700 3885 1773 3954 any
1797 3864 1899 3932 other
1922 3861 2083 3949 vending

1379 4007 1437 4074 ele
1457 4005 1556 4071 there
1570 4023 1612 4070 or
1625 4002 1814 4070 elsewhere
1832 3999 1872 4065 in
1885 3998 1947 4065 the
1961 3996 2082 4084 King·

1380 4144 1463 4211 dom
1477 4139 1520 4208 of
1536 4137 1706 4227 England
1727 4136 1821 4204 shall
1842 4136 1908 4203 sell
1923 4155 1946 4201 a
1959 4133 2083 4221 gallon

1380 4278 1421 4345 of
1450 4278 1513 4344 the
1548 4275 1665 4344 better
1700 4275 1757 4339 ele
1786 4271 1841 4338 for
1868 4287 1967 4337 more
1995 4269 2084 4336 than

1379 4415 1478 4482 three
1499 4411 1696 4499 balfpeuce
1718 4409 1789 4474 end
1807 4405 1849 4474 of
1865 4406 1926 4473 the
1944 4405 2085 4472 weeker

1381 4551 1438 4618 ele
1450 4549 1506 4618 fer
1523 4546 1573 4615 td.
1614 4545 1701 4612 And
1716 4545 1867 4611 because
1880 4541 1941 4608 the
1955 4537 2085 4627 Meyor

1381 4687 1452 4754 eud
1503 4682 1752 4767 Commonalty
1795 4677 1837 4747 ol
1880 4677 1943 4744 the
1986 4685 2083 4742 town

1379 4822 1422 4890 of
1444 4821 1578 4889 Bristol
1605 4818 1682 4886 sear
1710 4818 1790 4884 thet
1823 4815 1909 4902 they
1936 4812 2010 4879 will
2037 4811 2084 4879 he

1381 4959 1541 5046 severely
1555 4954 1729 5042 punished
1744 4953 1866 5020 unless
1887 4949 1949 5016 the
1969 4947 2083 5015 ossise

1380 5095 1419 5162 iu
1448 5097 1510 5162 the
1539 5105 1634 5162 town
1667 5088 1842 5159 aforesdd
1871 5089 1915 5155 be
1945 5084 2084 5172 strictly
