5194 6602
820 756 915 847 ube
939 757 1078 847 little
1102 759 1201 850 neo
1226 761 1355 852 Boot
1380 763 1429 852 ot
1460 765 1647 856 §metet
1913 795 1985 870 207

480 967 737 1054 imperpetuum
774 972 869 1054 quod
909 969 996 1038 villa
1036 972 1195 1058 predicta
1234 985 1272 1042 et
1309 977 1479 1044 suburbia
1517 980 1674 1064 ejusdem
1714 937 1752 1050 et
1790 983 1988 1054 Comitatus

479 1107 662 1177 Bristollie
697 1121 734 1178 et
773 1111 894 1180 omnia
937 1124 973 1181 et
1013 1114 1156 1203 singula
1205 1119 1285 1186 loca
1320 1119 1414 1188 infra
1452 1121 1672 1208 procinctum
1712 1132 1749 1189 et
1788 1122 1988 1192 libertatem

481 1247 671 1314 eorundem
701 1246 958 1334 imperpetuum
984 1259 1059 1316 tam
1088 1270 1152 1336 per
1180 1262 1310 1320 terram
1335 1274 1443 1341 quam
1465 1276 1530 1344 per
1554 1277 1686 1344 aquam
1712 1259 1785 1326 sint
1810 1267 1990 1347 exempta,

482 1391 657 1468 separata,
685 1381 827 1470 priuata
855 1394 892 1452 et
929 1386 1093 1454 absoluta
1130 1408 1153 1455 a
1188 1409 1410 1478 quacumque
1445 1403 1632 1480 potestate,
1667 1395 1918 1482 jurisdictione
1952 1407 1991 1464 et

482 1517 596 1586 officio
639 1519 831 1588 Admiralli
872 1541 923 1588 ac-
952 1522 1231 1592 Admirallomm
1271 1527 1374 1614 regni
1412 1529 1525 1597 nostri
1557 1530 1704 1619 Anglie,
1744 1532 1914 1599 heredum
1952 1543 1990 1601 et

484 1675 724 1724 successorum
760 1668 971 1740 nostrorum,
1001 1679 1044 1728 ac
1072 1679 1194 1729 eorum
1230 1665 1562 1750 commissariorum,
1591 1665 1849 1749 officiarionuu,
1879 1669 1989 1755 depu-

484 1801 650 1876 tatorum,
684 1793 1003 1863 locumtenencium
1039 1808 1076 1864 et
1112 1798 1351 1866 ministrorum
1389 1820 1687 1889 quorumcumque
1722 1822 1788 1889 pro
1830 1812 1990 1890 tempore

484 1928 727 1999 existencium.
786 1932 836 1998 Et
864 1933 959 2020 quod
988 1933 1107 2002 nullus
1135 1935 1356 2004 Admirallus
1389 1947 1509 2006 noster
1543 1939 1689 2029 Anglie,
1726 1939 1896 2006 heredum
1931 1941 1989 2006 vel

485 2085 724 2135 suceessorum
760 2079 971 2152 nostrorum,
1001 2072 1058 2137 vel
1095 2071 1172 2157 ejus
1209 2073 1462 2158 locumteneus,
1492 2076 1766 2158 commissarius,
1803 2075 1991 2144 officiarius

485 2203 542 2271 vel
577 2205 767 2290 deputante
802 2227 869 2292 pro
907 2217 1064 2293 tempore
1101 2209 1269 2288 existens,
1310 2227 1377 2276 nec
1413 2209 1524 2296 aliqui
1560 2210 1737 2279 admiralii
1773 2229 1839 2277 nec
1874 2212 1991 2278 locum

483 2352 655 2423 tenentes,
685 2343 929 2423 oommissarii,
958 2343 1124 2426 ministri,
1148 2342 1310 2411 officiarii
1339 2346 1396 2412 vel
1425 2346 1586 2432 deputati
1614 2347 1771 2433 ejusdem
1800 2345 1992 2413 Admiralli

483 2500 545 2547 seu
595 2479 874 2549 Admirallorum
920 2491 1120 2550 nostrorum
1164 2482 1223 2547 vel
1260 2481 1434 2550 heredum
1474 2491 1673 2550 nostrorum
1716 2503 1781 2570 pro
1833 2493 1991 2576 tempore

483 2615 677 2686 existentes
695 2619 818 2685 villam
835 2583 1035 2705 predictam
1051 2637 1118 2686 nec
1142 2618 1321 2699 suburbia,
1347 2618 1566 2706 procinctum
1592 2630 1654 2686 aut
1675 2629 1816 2705 portum
1830 2621 1989 2706 ejusdem

481 2751 566 2819 ville
589 2772 655 2820 nec
678 2752 893 2821 comitatum
919 2753 1103 2820 Bristollie
1130 2771 1195 2838 per
1222 2761 1352 2819 terram
1382 2771 1445 2819 seu
1473 2771 1538 2838 per
1566 2771 1695 2838 aquam
1724 2752 1771 2819 de
1799 2762 1916 2821 cetero
1944 2755 1992 2819 ad

482 2891 617 2976 aliquid
637 2891 729 2959 iufra
749 2891 885 2973 villam,
900 2890 1069 2958 suburbia
1090 2889 1321 2975 procinctum,
1341 2891 1560 2972 comitatum,
1585 2901 1727 2978 portum
1747 2891 1811 2958 illa
1831 2892 1927 2978 quod
1946 2895 1993 2959 ad

484 3027 648 3096 Officium
676 3029 953 3098 Admirallitatis
982 3030 1136 3116 pertinet
1166 3051 1229 3098 seu
1257 3031 1434 3116 pertinere
1458 3031 1588 3116 poterit
1610 3030 1868 3117 inquirendum,
1890 3050 1992 3099 exer·

485 3167 646 3246 cendum,
675 3165 875 3234 faciendum
905 3187 968 3234 seu
988 3169 1234 3253 exequendum
1256 3169 1501 3256 ingrediantur
1521 3187 1585 3236 seu
1606 3167 1826 3256 ingrediatur
1847 3169 1989 3254 quouis-

483 3301 608 3378 modo;
647 3300 712 3370 Set
747 3303 843 3388 quod
877 3302 973 3370 dicta
1005 3303 1104 3384 villa,
1126 3304 1306 3385 suburbia,
1335 3303 1525 3372 comitatus
1552 3313 1590 3370 et
1618 3303 1763 3390 singula
1790 3305 1870 3371 loca
1899 3304 1992 3371 infra

483 3436 702 3521 procinctum
731 3449 769 3504 et
795 3438 996 3507 libertatem
1025 3440 1217 3506 eorundem
1247 3451 1321 3506 tam
1350 3459 1414 3526 per
1444 3459 1573 3526 aquam
1604 3437 1728 3528 [quam
1753 3459 1818 3524 per
1841 3439 1990 3531 tetram]

484 3572 557 3639 sint
583 3572 727 3640 omnino
756 3583 793 3641 et
822 3575 1080 3661 imperpetuum
1106 3585 1208 3644 extra
1232 3586 1456 3662 potestatem,
1475 3575 1760 3661 jurisdiccionem
1781 3586 1819 3644 et
1841 3579 1992 3645 auetori-

485 3721 596 3777 tatem
625 3710 711 3778 dicti
738 3711 941 3793 Admiralli,
966 3712 1244 3780 Admirallorum
1270 3722 1307 3779 et
1329 3731 1449 3780 eorum
1476 3713 1806 3794 locumtenencium,
1830 3711 1994 3782 officiari-

484 3869 596 3932 orum,
630 3851 879 3936 deputatorum
915 3859 951 3917 et
987 3849 1227 3918 ministrorum
1262 3869 1405 3918 suorum
1442 3868 1751 3935 quorumcumque.
1811 3849 1860 3917 Et
1895 3852 1991 3938 quod

485 3988 604 4055 nunus
646 3987 869 4054 Admirallus
908 4007 975 4055 nec
1013 3987 1124 4074 aliqui
1159 3985 1351 4055 Admiralli
1390 3986 1505 4054 nostri
1543 3984 1689 4074 Anglie,
1729 3986 1898 4054 heredum
1935 3989 1993 4054 vel

486 4143 726 4193 successorum
764 4134 963 4192 nostrorum
1004 4143 1070 4192 neo
1110 4125 1186 4211 eius
1226 4134 1288 4191 aut
1328 4143 1448 4191 eorum
1489 4125 1781 4205 locumtenentes,
1820 4123 1991 4208 deputati,

484 4261 649 4344 ministri,
692 4282 759 4330 nec
801 4259 961 4330 officiarii
1007 4263 1063 4330 sui
1106 4255 1256 4349 predicti
1294 4280 1360 4328 nec
1403 4281 1525 4328 eorum
1563 4259 1694 4346 aliquis
1729 4257 1821 4326 infra
1856 4260 1991 4328 dictam

484 4398 618 4480 villam,
648 4399 828 4479 suburbia,
857 4399 1076 4485 procinctum
1108 4407 1145 4465 et
1172 4408 1313 4484 portum
1343 4415 1409 4464 nec
1434 4395 1527 4464 infra
1562 4397 1777 4464 Comitatum
1813 4396 1994 4464 Bristollie

483 4556 549 4622 per
576 4545 706 4604 terram
735 4557 798 4604 seu
829 4556 894 4623 per
922 4556 1051 4623 aquam
1084 4537 1129 4603 de
1157 4536 1277 4623 aliquo
1312 4535 1409 4622 quod
1445 4536 1492 4601 ad
1528 4533 1681 4601 officium
1717 4533 1994 4601 Admirallitatis

486 4691 549 4739 seu
579 4675 626 4740 ed
653 4693 775 4742 eorum
804 4671 957 4742 officium
985 4675 1233 4760 quodcumque
1262 4672 1299 4739 in
1327 4675 1398 4739 hac
1428 4681 1530 4757 purte
1558 4671 1711 4756 pertinet
1734 4690 1797 4738 seu
1819 4671 1995 4758 pertinere

485 4807 616 4892 poterit
643 4809 857 4877 intromittat
885 4829 948 4876 seu
977 4809 1227 4892 intromittunt,
1254 4827 1320 4876 nec
1346 4807 1504 4894 aliquam
1527 4825 1716 4894 personum
1740 4826 1803 4873 seu
1825 4825 1995 4894 personas

484 4943 576 5012 infru
603 4946 728 5014 eadem
758 4965 820 5013 seu
849 4945 1003 5031 aliquem
1032 4947 1148 5014 locum
1184 4945 1276 5013 infra
1307 4945 1526 5032 procinctum
1568 4944 1757 5011 eorundem
1793 4964 1840 5009 ex
1875 4943 1995 5028 alique

485 5100 593 5150 causa
617 5101 838 5168 quacumque
864 5083 983 5166 citent,
1013 5097 1272 5168 summoueant,
1296 5085 1524 5172 distringant,
1550 5083 1746 5158 attachient
1770 5102 1832 5149 seu
1852 5083 1994 5168 capient
