5194 6602
825 897 924 994 det
947 901 1087 1001 sinu
1110 904 1211 997 litt
1235 903 1365 996 Book
1388 902 1440 994 ei
1465 904 1656 998 emtor.
1917 932 1994 1012 209

482 1119 652 1208 predictis
689 1123 929 1194 concessimus
962 1135 1000 1198 st
1036 1146 1102 1215 pro
1139 1123 1243 1194 nobis
1281 1134 1319 1193 et
1360 1117 1550 1192 heredibus
1592 1123 1725 1192 nostris
1764 1125 1994 1195 concedimus

481 1259 616 1330 eisdem
645 1259 776 1330 Maiori
802 1271 841 1331 et
869 1259 1123 1332 communitati
1157 1261 1347 1330 heredibus
1375 1270 1413 1329 et
1440 1259 1703 1328 successoribus
1731 1259 1993 1349 imperpetuum

482 1397 578 1485 quod
605 1399 644 1468 in
672 1419 759 1468 cusu
793 1420 865 1488 quo
903 1401 1092 1490 quicquam
1129 1399 1226 1488 quod
1254 1399 1301 1468 ad
1335 1395 1488 1468 officium
1524 1397 1803 1468 Admirallitatis
1837 1400 1995 1486 pertinet

482 1553 546 1602 seu
582 1533 760 1624 pertinere
798 1538 928 1626 poterit
963 1557 1031 1626 pro
1072 1537 1251 1626 aliquibus
1293 1537 1546 1617 contractibus,
1582 1535 1884 1606 conuencionibus
1926 1549 1992 1606 aut

481 1670 762 1760 quibuscumque
796 1673 880 1744 aliis
914 1676 1021 1746 rebus
1056 1695 1164 1763 supra
1199 1694 1297 1743 mare
1323 1673 1383 1742 vei
1411 1672 1499 1742 alibi
1525 1670 1630 1740 factis
1658 1671 1737 1742 siue
1763 1673 1994 1760 perpetretis,

482 1817 519 1875 et
557 1828 629 1895 que
665 1807 759 1879 infra
796 1811 932 1892 villam,
969 1810 1195 1892 comitatum.
1235 1811 1448 1889 libertatem,
1487 1819 1628 1896 portum
1669 1829 1733 1878 seu
1768 1777 1989 1896 procinctum

479 1945 660 2032 predictos
687 1967 754 2035 pro
779 1949 982 2036 hujusmodi
1009 1951 1116 2018 rebus
1148 1948 1227 2018 siue
1253 1947 1494 2016 contractibus
1525 1945 1760 2014 reformandis
1787 1965 1852 2014 seu
1881 1947 1995 2016 corri-

481 2080 610 2169 gendis
631 2081 778 2172 Inquiri‚
804 2085 920 2154 audiri
948 2105 1011 2155 sau
1038 2085 1221 2156 terminari
1249 2093 1416 2172 poterunt
1444 2103 1508 2152 seu
1536 2084 1716 2152 debebunt
1743 2084 1997 2170 quoquomodo

482 2217 578 2304 quod
606 2229 692 2288 tunc
719 2241 787 2290 nos
814 2231 852 2290 et
885 2223 1035 2292 heredes
1069 2223 1183 2292 nostri
1217 2221 1503 2291 commissionem
1539 2239 1602 2288 seu
1637 2218 1905 2290 commissiones
1933 2221 1995 2290 vel

482 2357 621 2430 lituras
661 2367 826 2446 petentes
864 2361 933 2430 sub
969 2379 1104 2450 magno
1146 2359 1267 2449 sigilio
1309 2367 1432 2428 nostro
1468 2359 1507 2427 in
1549 2357 1619 2426 hec
1661 2367 1763 2445 parte
1805 2357 1988 2427 faciendus

482 2469 612 2578 usse
651 2501 688 2560 st
721 2493 956 2564 nmmos
989 2495 1076 2564 ene
1106 2495 1265 2584 praesen
1291 2513 1358 2581 pm
1385 2503 1544 2580 empore
1573 2491 1809 2562 senensem
1837 2513 1881 2560 ac
1910 2493 1994 2562 ees

481 2631 643 2718 personis
677 2651 768 2718 quus
802 2651 871 2702 nos
898 2631 1103 2702 emimus
1130 2634 1189 2702 uel
1221 2634 1370 2736 heredes
1403 2631 1516 2702 nostri
1552 2629 1719 2698 duxerint
1753 2629 1996 2699 nominandas

480 2783 629 2850 quarum
642 2764 787 2853 quidem
807 2784 1039 2852 personemm
1060 2767 1151 2834 alter
1163 2765 1314 2854 predicti
1338 2762 1488 2850 Maioris
1511 2772 1548 2831 st
1570 2763 1824 2834 Recordatoris
1848 2783 1992 2854 semper

481 2898 529 2968 sit
565 2919 667 2980 snus,
702 2900 872 2989 quociens
904 2921 997 2990 opus
1032 2901 1138 2970 irretit
1170 2911 1208 2968 et
1240 2920 1384 2969 necesse
1411 2896 1490 2968 fieri
1516 2908 1554 2967 et
1582 2899 1690 2987 dirigi
1717 2897 1889 2968 Meuius
1923 2919 1990 2970 seu

478 3033 629 3104 horodes
670 3036 784 3104 nostri
825 3037 977 3125 predicti
1008 3035 1090 3108 fieri
1127 3046 1165 3106 et
1203 3037 1312 3126 dirigi
1349 3034 1491 3104 fument
1551 3033 1631 3122 Qua
1665 3035 1809 3124 quidem
1837 3055 1990 3122 persone

479 3171 528 3238 ad
574 3172 824 3242 mecumonem
873 3175 1030 3261 aliquam
1080 3174 1284 3260 hujusmodi
1336 3171 1625 3242 commissionum
1669 3171 1746 3240 siue
1790 3166 1987 3240 litterarum

393 3350 401 3367 .
480 3297 552 3366 nim
593 3299 632 3366 in
680 3301 866 3387 presencie
914 3303 1089 3372 dictorum
1135 3301 1286 3388 Maioris
1333 3311 1371 3370 et
1419 3299 1674 3370 Recordatoris
1717 3319 1783 3386 pro
1828 3309 1992 3386 tempore

480 3435 712 3504 existencium
739 3439 798 3504 vei
837 3439 984 3508 alterius
1019 3459 1142 3508 eorum
1177 3439 1324 3506 minime
1358 3437 1563 3526 procedant.
1623 3435 1672 3504 Et
1709 3436 1743 3504 si
1782 3455 1853 3522 que
1891 3455 1990 3504 com·

480 3569 614 3652 missio,
655 3571 924 3642 commissiones
962 3573 1039 3644 siue
1084 3574 1202 3644 littere
1243 3583 1409 3661 patentes
1447 3572 1487 3642 in
1529 3571 1743 3642 contrarium
1782 3571 1991 3658 hujusmodi

476 3703 718 3774 concessionis
774 3716 896 3776 nostre
955 3729 1122 3779 concesse
1177 3709 1272 3780 iacto
1323 3709 1454 3779 fuerint
1510 3709 1587 3777 siue
1644 3709 1805 3788 liberate,
1860 3709 1986 3777 eedem

461 3841 691 3923 commissio,
743 3845 1010 3916 commissiones
1059 3847 1137 3914 siue
1186 3845 1305 3915 littere
1351 3853 1517 3932 patentes
1561 3852 1599 3911 et
1649 3844 1771 3911 omnia
1819 3853 1989 3930 pretextu

475 3978 665 4047 eorundem
702 3978 898 4050 litterarum
941 3979 1047 4062 ncta,
1083 3989 1266 4068 comperte
1303 3979 1379 4048 siue
1418 3987 1568 4048 executa
1605 3998 1743 4047 necnon
1782 3979 1904 4047 omnis
1942 3990 1979 4048 et

467 4115 618 4204 -sinffuh
645 4133 709 4203 per
736 4115 974 4186 AdmiraIIum
1004 4137 1067 4187 scu
1100 4117 1320 4186 Admirailos
1348 4117 1460 4185 nostri
1488 4115 1742 4184 volneratum
1768 4125 1985 4197 nostrorum,

473 4271 594 4321 eorum
616 4251 815 4332 officiarios,
833 4253 1023 4341 deputatos
1039 4252 1116 4322 siue
1135 4251 1317 4320 ministros
1339 4271 1579 4340 quoscumque
1603 4251 1641 4317 in
1664 4251 1879 4318 sonnatium
1901 4269 1984 4338 pre-

475 4391 586 4458 sentis
614 4387 873 4460 commissionis
902 4397 1022 4458 nostre
1049 4385 1154 4469 iacta
1182 4397 1322 4475 reperta
1344 4387 1421 4455 siue
1448 4394 1598 4454 executa
1624 4385 1749 4472 vigore
1778 4405 1821 4454 nc
1848 4385 1979 4456 virtute

473 4525 693 4610 presencium
732 4523 805 4593 sint
842 4541 967 4606 vacua
1006 4523 1107 4592 irrita
1135 4534 1172 4592 et
1199 4543 1265 4611 pro
1303 4517 1412 4592 nulio=
1439 4521 1516 4592 siue
1553 4521 1662 4589 nullis
1699 4521 1824 4589 habita
1859 4531 1898 4590 et
1937 4521 1979 4590 ln

470 4659 636 4728 omnibus
674 4670 838 4748 reputata
873 4670 911 4731 et
949 4669 1060 4731 tenta
1118 4660 1177 4729 Ita
1214 4660 1311 4748 quod
1349 4659 1571 4729 Admirallus
1610 4665 1731 4726 noster
1770 4657 1906 4745 Anglie
1940 4667 1981 4726 et
2056 4735 2060 4743 ,

467 4793 637 4864 mum
675 4807 876 4866 nostromm
914 4817 981 4885 pro
1017 4809 1176 4888 tempore
1214 4799 1373 4868 existens
1400 4799 1458 4866 vei
1486 4799 1564 4886 ejus
1594 4798 1850 4879 locumtenons,
1879 4817 1980 4866 com·

467 4929 662 5012 misssnus,
713 4930 913 5016 officiarim,
965 4945 1171 5022 procurator
1217 4935 1277 5004 vel
1329 4935 1521 5022 deputatus
1568 4945 1631 5004 aut
1685 4934 1975 5018 locumtensntes,

468 5065 711 5150 commissarii,
750 5065 922 5151 officiarii,
960 5081 1205 5158 procuratores
1240 5071 1299 5140 vei
1335 5071 1496 5160 deputati
1537 5070 1740 5157 huiusmodi
1782 5070 1979 5140 Admirafli

467 5222 534 5290 pro
551 5213 710 5292 tempore
730 5205 925 5274 existeneae
946 5207 1157 5296 quicumque
1173 5209 1306 5290 villam,
1322 5205 1550 5291 Comitatus,
1565 5207 1744 5288 suburbia,
1759 5207 1973 5290 libertatem,

1824 5333 1849 5386 e
1870 5338 1888 5388 a
