5194 6602
582 849 652 938 ι96
915 836 1013 933 ube
1039 837 1177 930 utine
1201 831 1300 929 neo
1324 833 1453 930 Book
1479 831 1530 932 oi
1559 839 1748 933 Brisioi.

405 1091 494 1160 m„
577 1053 720 1140 queem
733 1052 931 1122 neem
951 1053 1039 1121 ean
1056 1051 1150 1121 sune
1175 1049 1302 1142 prank
1323 1051 1362 1119 n
1383 1051 1493 1141 usn.
1542 1053 1613 1124 re
1633 1061 1892 1123 mmmmm
1911 1051 2087 1124 wnemr

577 1189 743 1278 Knyght,
751 1187 926 1259 Wriieimi
936 1189 1079 1273 Fronte,
1087 1187 1240 1258 writert
1250 1181 1383 1270 Hendi,
1394 1184 1569 1260 erielmi
1577 1189 1757 1272 Wrnstre,
1771 1187 1947 1274 Johannis
1960 1187 2086 1274 Creed,

577 1327 714 1396 meme
746 1326 943 1415 sempron,
971 1293 1153 1413 Jonanm'
1183 1321 1300 1408 uer,
1328 1326 1467 1396 uatus
1503 1329 1681 1420 sumn,
1715 1328 1891 1415 Jonsnnn
1922 1327 2085 1417 myrin,

575 1462 751 1549 Iohannis
760 1462 984 1546 Nencothmr,
998 1462 1173 1549 Johennis
1186 1461 1378 1532 Wiirehnm
1392 1475 1429 1534 et
1441 1464 1618 1551 Iohannis
1632 1466 1759 1550 Benet,
1771 1466 1795 1552 J
1795 1477 1974 1536 uretorum
1989 1463 2086 1560 [qui]

578 1598 700 1666 dicunt
714 1618 820 1685 super
833 1609 1093 1668 sacromentum
1107 1619 1210 1668 suum
1224 1601 1320 1686 quod
1333 1601 1420 1670 dicti
1433 1601 1615 1672 Wolterus
1628 1601 1832 1672 Foxoombe
1845 1611 1883 1670 et
1903 1600 2085 1671 Rohertus

575 1733 808 1803 Menkesweil
832 1735 932 1802 nurus
954 1737 1051 1804 bone
1075 1757 1139 1805 seu
1161 1737 1303 1820 catullo,
1326 1747 1439 1806 terres
1469 1759 1533 1808 seu
1555 1749 1759 1809 tenementr
1787 1739 1988 1808 hehtrerunt
2018 1757 2085 1808 nec

575 1870 666 1937 alter
697 1889 818 1940 eorum
842 1871 969 1941 hebuit
1000 1872 1059 1941 die
1083 1872 1341 1962 recognioionis
1372 1874 1531 1960 predicte
1559 1893 1625 1944 nec
1648 1893 1805 1962 vnquem
1836 1881 1962 1962 poster
1991 1873 2086 1943 infre

575 2006 698 2075 villam
719 2006 902 2076 Bristoliie
919 2017 957 2076 et
978 2009 1185 2078 suburbium
1206 2010 1375 2097 ejusdem.
1418 2009 1468 2080 Et
1493 2009 1642 2080 ulterius
1659 2011 1747 2080 dicti
1765 2011 1947 2095 Jurrtorer
1962 2009 2087 2079 dicunt

575 2161 682 2230 super
704 2153 964 2212 sememontum
989 2165 1093 2214 suum
1118 2146 1213 2232 quod
1232 2145 1411 2234 predictus
1431 2147 1615 2234 Johennes
1631 2147 1855 2238 Wrrmystre
1879 2147 2006 2216 hebuit
2025 2148 2085 2216 die

576 2273 834 2366 mcogrricionis
872 2279 1029 2366 predicte
1068 2279 1160 2348 inire
1195 2280 1421 2358 Bristollism
1458 2302 1568 2352 vnum
1600 2293 1840 2352 tenementum
1874 2304 1955 2353 cum
2006 2285 2082 2353 suis

576 2415 804 2503 pertinenciis
844 2411 883 2482 in'
929 2415 1211 2508 Redeclyfstreet
1245 2418 1284 2485 in
1321 2439 1392 2506 quo
1428 2417 1611 2504 Iohannes
1647 2418 1860 2488 Foundoure
1894 2417 2084 2502 inhehitet,

576 2571 685 2620 vnum
711 2561 951 2620 tenementum
976 2573 1057 2622 curn
1079 2554 1155 2622 suis
1178 2554 1406 2640 pertinenciis
1425 2556 1521 2643 quod
1541 2554 1709 2641 Johrnne
1730 2556 1882 2624 Menteli
1915 2565 2014 2626 tenet
2045 2556 2084 2623 in

489 2715 492 2724 ·
577 2687 870 2758 Beldewinstreet
899 2689 1057 2777 eiusdem
1092 2691 1188 2774 viiie,
1221 2711 1331 2760 vnum
1361 2701 1601 2761 tenementum
1633 2694 1729 2780 quod
1763 2692 1930 2778 Johennr
1957 2691 2084 2762 Budde

579 2834 688 2908 tenet,
720 2845 829 2894 unum
866 2835 1107 2895 tenementum
1135 2847 1216 2896 cum
1252 2827 1327 2895 suis
1365 2827 1596 2916 pertinenciis
1630 2828 1726 2916 quod
1759 2827 1939 2897 Ricardus
1970 2827 2085 2898 North

577 2971 676 3032 tenet
711 2962 751 3029 in
785 2960 1079 3032 Beldewinstrete
1121 2961 1280 3050 ejusdem
1322 2961 1417 3046 ville,
1455 2983 1564 3031 vnum
1607 2973 1848 3048 tenementum
1885 2982 1967 3032 cum
2008 2964 2083 3032 suis

578 3098 807 3189 pertinenciis
838 3098 934 3186 quod
962 3098 1145 3185 lohannes
1167 3099 1319 3170 Celkere
1351 3109 1459 3183 tenet,
1491 3121 1600 3170 vnum
1630 3109 1871 3170 tenementum
1901 3119 1981 3170 cum
2008 3101 2084 3170 nris

579 3233 809 3330 pertinenciis
847 3237 943 3322 quod
974 3236 1157 3323 Johnnnes
1200 3235 1332 3319 Colitis,
1376 3235 1575 3325 Cerpinter,
1612 3246 1710 3306 tenet
1753 3237 1791 3304 in
1832 3237 1913 3306 vico
1955 3245 2083 3306 vocato

581 3380 841 3464 Mersshstrete,
874 3395 982 3444 vnum
1024 3384 1264 3443 tenementum
1294 3394 1375 3445 cum
1407 3395 1473 3444 sex
1503 3375 1628 3464 shopis
1664 3375 1760 3463 quod
1790 3373 1949 3460 Jruenus
1980 3373 2088 3442 Bluet

578 3527 687 3599 tenet,
712 3535 822 3584 vnum
846 3522 1087 3584 tenementum
1115 3531 1195 3582 cum
1221 3521 1357 3600 septem
1380 3511 1504 3602 ehopis
1528 3529 1608 3580 cum
1634 3511 1709 3580 suis
1733 3511 1961 3598 pertinenciis
1989 3513 2085 3598 qnod

578 3658 762 3745 Johennee
792 3651 934 3723 Griffith
966 3661 1064 3720 tenet
1095 3649 1135 3717 in
1167 3649 1246 3718 vion
1276 3658 1403 3718 vocato
1434 3647 1667 3729 Bredemeed,
1701 3667 1811 3716 vnum
1844 3657 2084 3717 tenementum

578 3813 659 3864 cum
683 3792 840 3880 quinque
862 3787 986 3875 shopis
1009 3807 1090 3856 cum
1114 3785 1189 3855 suis
1219 3785 1448 3874 mansuetis
1472 3785 1568 3872 quod
1594 3783 1705 3874 Hugo
1736 3785 1836 3853 Mors
1858 3793 1956 3852 tenet
1980 3803 2088 3871 super

578 3935 727 4000 bocum
755 3925 881 3997 Sancti
911 3923 1037 4008 Jeoobi
1073 3921 1264 4004 Bristoilie,
1305 3922 1377 3989 duo
1407 3929 1610 3990 tenemento
1637 3939 1718 3989 cum
1751 3919 1826 3988 suis
1857 3917 2093 4006 pertinenciis

578 4065 712 4153 puriter
745 4063 897 4132 sennen
930 4079 976 4128 ex
1014 4057 1179 4146 opposito
1210 4055 1357 4125 fratrum
1389 4056 1650 4144 predicatorum
1683 4053 1875 4136 Bristollie,
1908 4063 1945 4124 et
1975 4073 2085 4122 vnum

577 4209 818 4273 tenementum
851 4217 933 4266 cum
968 4195 1044 4266 suis
1068 4192 1296 4282 pertinenciis
1332 4193 1428 4281 quod
1461 4191 1640 4261 Ricardus
1665 4189 1748 4281 Guy
1773 4200 1873 4260 tenet
1910 4210 2016 4278 super
2050 4193 2086 4259 ie

585 4340 669 4430 Key
693 4335 890 4411 Eristolliec
920 4333 965 4401 de
986 4332 1115 4419 quibus
1131 4332 1275 4418 quidem
1294 4331 1505 4401 tenementis
1523 4331 1681 4398 'ihomas
1701 4329 1840 4412 eres,
1860 4327 2084 4408 (ientlemen,

581 4486 740 4563 tempore
769 4471 876 4561 hujus
912 4467 1164 4558 inquisicicnis
1194 4479 1251 4538 est
1274 4467 1416 4538 seisitue
1442 4467 1481 4534 in
1516 4465 1695 4535 dominico
1725 4484 1791 4534 suo
1822 4473 1862 4532 vt
1894 4465 1941 4532 de
1970 4463 2086 4533 feodo.

581 4613 631 4684 Et
665 4609 812 4680 ulterius
848 4607 938 4678 dicti
978 4605 1160 4692 Juretoree
1203 4605 1326 4674 dicunt
1359 4604 1454 4692 quod
1488 4603 1605 4671 dictus
1640 4601 1824 4688 Johnnnes
1861 4601 2086 4690 Wermystre

582 4761 742 4838 tempore
777 4755 814 4814 et
836 4745 906 4813 .die
939 4742 1196 4833 recognicionis
1228 4743 1386 4830 predicte
1419 4741 1547 4809 hebuit
1577 4759 1686 4808 vnum
1720 4748 1961 4807 tenementum
2005 4755 2086 4806 cum

583 4897 720 4974 septem
740 4881 862 4971 shopis
884 4891 922 4950 et
943 4881 1018 4950 suis
1036 4878 1264 4968 pertinenciis
1286 4879 1325 4946 in
1347 4880 1383 4948 le
1412 4877 1577 4966 Rekhey,
1599 4895 1709 4944 vnum
1742 4883 1981 4943 tenementum
2006 4891 2087 4942 cum

585 5023 659 5092 suis
681 5017 910 5110 pertinenciis
932 5017 1027 5105 quod
1054 5017 1236 5102 Johennes
1261 5015 1410 5084 Rohrnt
1430 5023 1529 5084 tenet
1549 5013 1588 5080 in
1609 5011 1795 5081 Bristollie
1815 5011 1853 5079 in
1876 5009 2090 5080 Oldeoorne·

583 5172 681 5246 stret,
704 5171 742 5229 et
765 5177 875 5227 vnum
900 5163 1139 5224 tenementum
1165 5154 1260 5241 quod
1284 5154 1467 5240 Johannes
1487 5151 1616 5240 Tynby
1642 5159 1741 5218 tenet
1766 5149 1804 5216 in
1828 5147 2090 5225 Mersshstreet,

1220 5301 1275 5353 ¹n.
1291 5306 1353 5354 note
1368 5315 1394 5368 p.
1413 5309 1469 5366 193.
