5194 6602
590 845 659 919 Ι94
928 823 1025 916 tte
1048 824 1188 915 little
1210 823 1310 916 tlso
1334 823 1464 916 noct
1489 826 1540 917 oi
1569 824 1756 918 stunt

585 1034 671 1103 ville
691 1037 846 1122 balliuis,
872 1038 971 1108 venit
995 1039 1178 1108 Walterus
1203 1039 1406 1110 Foxcombe
1430 1041 1620 1129 burgensis
1644 1051 1683 1110 et
1706 1049 1879 1110 mercator
1908 1039 1993 1108 ville
2014 1059 2096 1126 pre·

585 1172 681 1240 dicte
712 1183 750 1240 et
787 1176 995 1266 recognouit
1028 1197 1068 1246 se
1105 1177 1281 1265 recepisse
1321 1178 1520 1248 custodiam
1558 1197 1744 1267 corporum
1776 1176 1985 1244 Elizabethe
2022 1175 2096 1244 filie

585 1309 743 1394 eiusdem
768 1311 943 1395 Jobannis
968 1313 1117 1382 senioris
1146 1313 1253 1383 etatis
1278 1314 1464 1384 tresdecim
1491 1335 1675 1398 unorum,
1699 1313 1875 1400 Jobannis
1897 1311 1978 1404 [filii
2002 1313 2097 1400 ejus·

586 1446 668 1513 dem
690 1446 880 1542 Jobannis]
907 1448 989 1540 Guy
1011 1449 1160 1518 senioris
1184 1450 1292 1518 etatis
1315 1459 1398 1519 octo
1422 1470 1608 1535 annorum,
1628 1460 1667 1536 et
1688 1451 1893 1538 Margarete
1913 1449 1987 1518 filie
2008 1449 2095 1518 dicti

585 1582 760 1667 Jobanuis
795 1583 878 1674 Guy
913 1587 1063 1656 senioris
1097 1588 1204 1656 etatis
1243 1589 1400 1674 quinque
1437 1587 1623 1670 annorum,
1664 1587 1800 1656 nome
1837 1585 1902 1654 filii
1936 1586 2095 1673 quedem

584 1721 759 1804 Jobannis
795 1721 877 1810 Guy
912 1724 1061 1792 scabris
1097 1726 1204 1793 etatis
1236 1725 1343 1794 trium
1379 1745 1564 1808 annorum,
1589 1735 1627 1794 et
1656 1722 1806 1793 Henrici
1839 1722 1905 1790 filii
1935 1724 2094 1810 ejusdem

584 1857 759 1940 Jobannis
777 1857 859 1948 Guy
876 1861 1025 1928 senioris
1039 1861 1152 1948 patris
1166 1881 1298 1943 eorum.
1313 1862 1447 1931 eisdem
1463 1861 1681 1946 Elisabetbe,
1695 1860 1861 1945 Johaoni,
1878 1859 2093 1947 Margarete,

584 1995 722 2064 Thone
754 2006 790 2065 et
828 1996 985 2066 Henrico
1022 2018 1087 2085 per
1116 2000 1249 2068 dictem
1280 1999 1436 2085 Aliciam
1471 2010 1621 2069 matrem
1655 2008 1693 2068 et
1728 1997 1934 2084 Philippum
1964 1997 2094 2081 Faunt,

584 2142 791 2202 executores
829 2135 1034 2202 testamenti
1072 2135 1200 2222 prelati
1236 2135 1412 2222 Iohannis
1452 2134 1535 2225 Guy
1574 2135 1734 2218 senioris,
1771 2135 1902 2204 virtute
1936 2134 2094 2222 ejusdem

584 2269 790 2338 testamenti
823 2291 889 2358 pro
924 2271 1201 2340 racionabilibus
1234 2273 1396 2360 partibus
1441 2273 1616 2342 bonorum
1649 2291 1719 2360 que
1762 2271 1903 2340 fuerunt
1945 2271 2095 2358 predicti

585 2393 764 2476 testatoris
789 2407 984 2497 assignatis
1008 2420 1046 2478 et
1070 2410 1254 2492 ordinetis,
1278 2431 1321 2480 ac
1345 2409 1492 2498 prefatis
1515 2411 1636 2496 pueris
1657 2409 1733 2479 siue
1755 2409 1926 2496 orphanis
1950 2409 2095 2496 dejure

585 2542 884 2631 contingentibus,
907 2546 1072 2615 videlicet
1090 2567 1156 2632 pro
1179 2548 1338 2634 quolibet
1360 2509 1471 2635 puero
1494 2547 1732 2635 predictorum
1757 2545 1958 2633 quindecim
1983 2546 2095 2614 libras

585 2691 727 2748 monete
757 2681 925 2768 predicte.
977 2682 1196 2753 Soluendam
1220 2683 1354 2752 eisdem
1391 2692 1429 2752 et
1459 2683 1605 2752 cuilibet
1638 2682 1796 2770 ipsorum
1820 2690 1959 2768 partem
1991 2701 2093 2749 suam

586 2835 666 2883 cum
701 2815 748 2884 ad
773 2827 904 2886 etatem
937 2820 1137 2908 legitimam
1165 2821 1365 2907 pentenerit
1396 2822 1454 2889 vel
1477 2819 1619 2888 interim
1644 2820 1676 2888 si
1701 2820 1887 2908 contingat
1910 2819 2009 2908 ipsos
2037 2823 2095 2889 vel

586 2971 707 3019 eorum
730 2953 885 3041 aliquem
909 2956 1079 3024 maritari.
1123 2956 1172 3025 Et
1202 2956 1235 3024 si
1259 2958 1448 3046 contingat
1481 2959 1637 3044 aliquem
1659 2957 1717 3024 vel
1739 2953 1896 3043 aliquain
1918 2955 2092 3024 dictorum

586 3107 774 3174 puerorum
796 3090 889 3158 inira
910 3092 1109 3180 legitimam
1123 3103 1255 3162 etatem
1269 3095 1327 3162 vel
1341 3103 1532 3180 antequam
1550 3092 1737 3163 maritatus
1756 3090 1862 3162 fuerit
1880 3090 1979 3159 obire
2000 3093 2095 3177 quod

586 3239 671 3296 tunc
703 3247 776 3296 vna
808 3230 1010 3299 medietatis
1048 3229 1117 3320 (sic)
1149 3231 1263 3318 partis
1298 3229 1394 3298 illius
1428 3230 1491 3316 qui
1524 3231 1582 3296 vel
1621 3248 1691 3315 que
1725 3227 1778 3296 sio
1809 3227 1937 3296 obierit
1973 3228 2096 3296 liberis

587 3367 756 3455 predictis
769 3367 831 3456 qui
844 3369 903 3436 vel
923 3387 993 3455 que
1006 3379 1186 3456 superstes
1198 3369 1339 3437 ituenunt
1354 3367 1424 3456 (εἰσ)
1446 3366 1647 3435 remanebit
1662 3363 1837 3454 equaliter
1849 3365 1943 3433 inter
1954 3383 2018 3432 eos
2031 3385 2095 3434 seu

585 3524 648 3572 eas
673 3504 886 3584 diuidenda;
913 3507 1028 3574 altera
1052 3525 1136 3574 vero
1161 3505 1333 3576 medietas
1364 3503 1512 3591 prefatis
1535 3503 1782 3573 executoribus
1811 3502 2009 3570 remanebit
2030 3521 2096 3588 pro

586 3643 707 3710 anima
727 3643 814 3710 dicti
836 3645 1016 3712 testatoris
1034 3654 1072 3712 et
1092 3643 1214 3712 anima
1232 3643 1329 3710 illius
1351 3642 1403 3710 sic
1419 3640 1624 3711 daeedemis
1643 3659 1707 3728 per
1727 3639 1870 3708 eosdem
1891 3649 2097 3707 executores

442 3791 451 3828 ¹
506 3812 514 3830 ·
587 3776 737 3846 fideliter
765 3777 996 3866 disponenda.
1040 3779 1099 3848 Ita
1130 3780 1226 3866 quod
1246 3779 1426 3867 predictus
1457 3777 1641 3846 walterus
1662 3775 1819 3864 prefatos
1838 3775 2095 3858 Elizabetham,

585 3913 785 3999 Iohannem
808 3912 900 4004 Guy,
920 3915 1107 4003 juniorem,
1126 3916 1379 4004 Margaretam.
1399 3915 1576 3984 Thomem
1595 3923 1633 3982 et
1656 3912 1852 3982 Henricum
1876 3911 1915 3980 in
1936 3912 2098 3982 custodia
2163 3899 2167 3906 ’

587 4069 653 4117 sua
674 4051 869 4120 existentes
893 4049 931 4119 in
961 4051 1127 4120 omuibus
1151 4052 1226 4121 suis
1253 4051 1464 4120 necessariis
1495 4054 1589 4121 bene
1611 4060 1649 4120 et
1671 4052 1837 4120 decenter
1854 4050 1961 4137 juxta
1983 4060 2098 4119 stanm

586 4205 707 4254 comm
742 4187 955 4256 sustentabit
982 4197 1020 4256 et
1056 4187 1261 4257 informabit
1295 4209 1359 4258 seu
1398 4187 1582 4258 lnformari
1612 4156 1730 4258 faciet.
1763 4187 1835 4255 -Ad
1871 4206 1943 4274 que
1975 4187 2097 4256 omnia

586 4323 760 4410 premissa
780 4343 829 4391 ex
852 4335 955 4412 parte
979 4325 1066 4394 dicti
1090 4325 1242 4394 Walteri
1266 4329 1358 4396 bene
1377 4339 1414 4395 et
1436 4326 1588 4396 fideliter
1611 4325 1775 4396 indenda
1799 4325 1893 4394 idem
1915 4325 2097 4393 Waltarus

588 4459 788 4548 obligatae
824 4481 867 4530 ac
891 4463 1013 4530 omnia
1044 4463 1142 4532 bona
1163 4471 1201 4532 et
1233 4465 1365 4532 catalla
1387 4485 1463 4546 sua,
1490 4474 1604 4534 terras
1636 4475 1675 4533 et
1713 4474 1916 4534 tenenmnta
1950 4483 2016 4532 sue
2051 4465 2098 4532 ad

588 4615 887 4685 quorumcumque
921 4619 1049 4667 manus
1085 4601 1291 4671 deuenerint
1328 4603 1528 4672 cohertioni
1559 4613 1597 4673 et
1628 4601 1845 4671 districtioni
1881 4600 2031 4690 Maioris
2062 4610 2100 4670 et

589 4734 809 4805 Balliuorum
834 4735 919 4804 ville
943 4737 1126 4807 Bristollie
1142 4739 1204 4827 qui
1219 4759 1286 4828 pro
1305 4750 1464 4828 tempore
1482 4739 1624 4810 fiterint.
1668 4740 1730 4808 Ad
1751 4739 1921 4825 majorem
1941 4737 2100 4808 omnium

589 4871 841 4960 premissorum
864 4883 905 4941 vt
928 4893 976 4942 ex
1000 4885 1103 4962 parte
1121 4875 1208 4944 dicti
1232 4876 1384 4947 Walterl
1404 4879 1630 4948 securitatem
1654 4879 1747 4946 bene
1765 4887 1802 4946 et
1826 4873 1979 4944 fideliter
2002 4894 2099 4943 com·

589 5007 757 5095 plendam
791 5006 974 5092 Jobannes
1009 5008 1232 5100 Warmystre
1265 5023 1302 5082 et
1340 5013 1521 5083 Robertus
1557 5014 1790 5085 Mankeswell
1830 5015 2026 5101 burgenses
2062 5024 2099 5081 et

591 5151 803 5210 mercatores
824 5140 919 5222 dicte
942 5141 1028 5212 ville
1056 5144 1238 5215 Bristollie
1262 5156 1542 5236 recognouerunt
1572 5167 1612 5216 ee
1636 5167 1716 5216 esse
1745 5156 2027 5234 manucaptores,
2053 5163 2096 5212 ac
