5194 6602
615 880 688 950 ηε
950 867 1048 960 coe
1071 865 1486 960 unientem
1511 869 1561 960 ot
1591 867 1783 960 llrtotoi.

659 1086 691 1150 8.
721 1081 815 1150 Item
849 1084 946 1168 quod
977 1083 1097 1150 nuilus
1128 1081 1317 1168 burgensis

614 1219 700 1286 ville
712 1218 870 1306 hospitat
884 1220 993 1286 talem
1006 1227 1215 1286 extraneum
1224 1218 1319 1286 vln'a

615 1356 804 1424 terminum
847 1355 1046 1441 predictum
1091 1355 1162 1424 nisi
1213 1355 1320 1422 modo

615 1491 773 1579 predicto
799 1494 867 1560 sub
895 1512 991 1580 pena
1018 1491 1157 1558 dimidii
1189 1509 1318 1558 marce.

616 1628 664 1696 Et
688 1627 939 1696 nichilominus
961 1628 994 1696 si
1018 1627 1103 1696 talis
1127 1638 1320 1696 exnmeus

615 1735 804 1850 deliquerit
824 1762 862 1831 in
885 1764 1005 1851 aliquo
1018 1783 1143 1832 versus
1164 1765 1319 1850 aliquem

587 1931 591 1938 ·
615 1910 699 1986 post
726 1899 860 1968 dictum
885 1901 1074 1968 terminum
1101 1902 1197 1988 quod
1224 1900 1319 1968 idem

615 2039 747 2124 hospes
789 2046 953 2106 tencanrr
988 2037 1192 2105 satisfacere
1218 2021 1322 2124 ‘parti

616 2175 692 2242 leso
706 2175 752 2242 dc
764 2175 930 2261 dampnis
943 2173 1029 2242 suis.

661 2332 692 2395 9.
716 2311 807 2378 Item
834 2313 929 2397 quod
957 2311 1077 2379 nullus
1105 2309 1322 2397 pissenarius
1361 2315 1365 2322 '

616 2445 822 2524 villeemot
851 2447 990 2533 aliquos
1018 2446 1133 2533 pissas
1161 2455 1321 2514 recentes

618 2585 802 2652 venientes
824 2585 872 2650 ad
897 2584 1021 2650 villam
1044 2591 1235 2668 antequam
1257 2581 1321 2647 ad-

620 2721 718 2788 ducti
746 2719 876 2787 fixerint
900 2721 948 2786 ad
977 2721 1172 2787 scabellum
1205 2717 1322 2806 Regis

620 2857 687 2924 sub
711 2875 806 2943 pena
828 2855 901 2922 xld.

668 3014 717 3060 ιο.
740 2991 832 3060 Item
847 2993 943 3079 quod
964 2991 1084 3059 nullus
1103 2989 1321 3078 pinennius

619 3138 716 3196 emat
765 3127 968 3214 hujusmodi
1011 3128 1127 3214 pisse·
1170 3127 1217 3194 ad
1260 3146 1323 3194 eos

621 3266 865 3333 recendendos
890 3274 974 3333 ante
1003 3265 1128 3332 horam
1153 3263 1321 3346 debitam,

620 3402 786 3470 videlicet
799 3400 946 3469 terciam
956 3400 1134 3488 pulsatam
1149 3401 1215 3468 sub
1229 3417 1324 3488 pena

620 3529 790 3624 predicta

669 3695 719 3742 rr.
742 3673 833 3742 Item
856 3672 951 3759 qnod
972 3647 1093 3741 culitis
1112 3673 1224 3740 vadet
1238 3692 1324 3740 noc·

622 3820 741 3878 tantm
767 3829 832 3897 pet
855 3810 981 3877 villam
1006 3818 1088 3896 post
1110 3809 1324 3896 ignitegium

623 3949 804 4035 pulsatum
829 3945 900 4012 nisi
923 3945 1118 4032 portauerit
1139 3945 1324 4014 candelam

626 4086 808 4153 ardentem
820 4084 887 4151 sub
901 4102 995 4170 pena
1009 4083 1326 4170 imprisonnmenti.

673 4243 723 4290 ra.
745 4221 838 4288 Item
866 4222 961 4307 quod
986 4221 1105 4287 nullus
1137 4219 1326 4308 burgensis

626 4368 723 4428 emat
736 4375 803 4426 nec
823 4375 940 4424 emere
960 4354 1069 4423 faciat
1091 4356 1210 4443 aliqua
1231 4377 1326 4426 sum·

627 4496 752 4583 magia
788 4511 976 4574 ramorum,
1009 4500 1201 4580 gestomm,
1225 4512 1327 4580 gors-

628 4639 756 4710 torum‚
788 4627 874 4710 teni,
911 4628 1103 4710 straminis,
1136 4631 1329 4698 carbonum

540 4806 548 4823 .
629 4783 745 4851 neque
769 4763 949 4852 lignorum
975 4763 1014 4830 in
1039 4764 1123 4832 altis
1146 4765 1236 4834 vicis
1260 4767 1331 4834 nisi

630 4901 670 4968 in
683 4919 796 4966 vacua
809 4899 936 4985 placeo
947 4918 995 4966 ex
1008 4901 1173 4988 opposito
1184 4903 1332 4971 ecclesie

631 5037 757 5106 Sancti
785 5035 883 5104 Petri
910 5037 969 5103 vel
996 5037 1035 5104 in
1059 5037 1331 5126 wynchestrete

1461 1082 2122 1171 &Alsodat‘nobmgessotthe

1416 1216 2121 1308 townencertalnsuchstrangerbe

1414 1356 1511 1452 yond
1552 1355 1614 1422 the
1651 1363 1741 1422 tom
1780 1351 1956 1422 aforesaid
1993 1363 2122 1442 except

1415 1491 1455 1558 in
1494 1492 1557 1560 the
1599 1509 1750 1558 manner
1792 1487 1968 1558 amand
2008 1491 2123 1560 under

1416 1627 1565 1714 penalty
1599 1623 1641 1693 of
1677 1623 1759 1694 half
1795 1645 1820 1692 a
1854 1625 1968 1694 mark.
2033 1625 2119 1696 And

1418 1763 2124 1852 noverthelessifscchstrangerwrcng

1417 1897 2122 1988 anotherinanywoysitertheorid

1417 2033 2122 2123 termtlrehootisboundtcaatlaly

1417 2169 2107 2258 theinjuredpartyicrhisinjuriso.

1461 2303 2127 2395 9.A1soth⁸tnofishmongerof

1419 2447 2124 2538 thetownbuyanyheshfishcoming

1419 2581 2125 2674 tothemwnbetoreitbebrougnt

1418 2733 1457 2790 to
1500 2721 1562 2788 the
1610 2719 1744 2808 Ktngfs
1785 2721 1902 2788 bench
1944 2721 2058 2790 under
2100 2740 2124 2786 a

1418 2855 1738 2947 pmdtyofmt

1468 2991 2125 3083 rcAlsothetnofishmongerhcy

1420 3127 2124 3218 mchfishtossuagainbetorethe

1418 3269 1510 3335 honr
1540 3263 1646 3348 tired,
1674 3265 1742 3332 vir.
1771 3266 1834 3334 the
1860 3266 1957 3334 third
1987 3263 2122 3357 [hour]¹

1421 3401 2000 3490 underthepenaltyaicresaid

1470 3697 1520 3743 ιι.
1542 3674 1633 3743 Also
1653 3675 1733 3742 that
1755 3693 1803 3742 no
1824 3693 1894 3742 one
1913 3675 2059 3742 vander
2076 3677 2126 3764 by

1421 3812 1528 3900 night
1555 3813 1667 3880 about
1690 3812 1754 3880 the
1775 3821 1871 3880 town
1897 3809 1989 3878 alter
2010 3813 2125 3879 mund

1421 3947 1464 4015 of
1479 3947 1608 4016 curfew
1628 3947 1749 4015 unless
1769 3947 1818 4014 he
1834 3965 1937 4034 carry
1950 3946 2124 4035 amted

1423 4085 1549 4153 candle
1563 4085 1676 4152 under
1689 4083 1776 4172 pain
1790 4082 1833 4151 of
1846 4083 2126 4170 imprisonment.

1472 4241 1522 4288 ιι.
1544 4219 1636 4288 Alco
1657 4221 1735 4287 that
1757 4240 1805 4288 no
1825 4220 1978 4308 burgess
1999 4221 2129 4309 buyor

1425 4378 1532 4426 cause
1560 4366 1599 4425 to
1627 4359 1673 4424 be
1700 4358 1839 4446 bought
1869 4377 1941 4445 any
1964 4357 2067 4424 loads
2090 4355 2133 4424 of

1425 4495 1610 4578 mehe&
1630 4493 1751 4575 bfflShr
1773 4512 1890 4580 8⁰¹³ss
1911 4493 1995 4582 hay,
2009 4501 2127 4574 ΜΨ,

1427 4633 1536 4716 coele,
1566 4650 1608 4698 or
1631 4631 1733 4699 wood
1757 4629 1797 4695 in
1823 4631 1885 4697 the
1912 4629 2002 4717 high
2030 4649 2129 4716 ways

1426 4771 1493 4848 but
1535 4767 1622 4855 only
1663 4766 1702 4834 in
1744 4767 1807 4833 the
1850 4777 1980 4833 vacant
2021 4751 2162 4852 space

1429 4903 1593 4992 opposite
1622 4900 1676 4970 St.
1697 4901 1835 4970 Peter'e
1859 4901 2000 4970 Church
2028 4921 2070 4968 or
2091 4901 2131 4967 in

1430 5040 1562 5108 Winch
1587 5037 1716 5122 street,
1742 5039 1814 5106 and
1843 5038 1881 5106 in
1907 5037 1962 5108 St.
1976 5037 2133 5105 Thomas
2165 5081 2167 5084 .

1260 5200 1434 5270 ²v.nctep.
1451 5212 1507 5255 aar.
