5194 6602
854 865 951 958 dtr
973 866 1114 958 little
1137 865 1236 957 nen
1261 863 1466 956 eornm
1496 862 1684 956 ennon
1948 888 2016 961 195

512 1087 660 1166 vterque
689 1099 811 1148 eonnn
836 1099 902 1167 per
930 1101 969 1149 se
994 1080 1201 1169 recognocit
1233 1088 1270 1149 et
1294 1098 1359 1166 pro
1389 1086 1466 1147 toto
1488 1097 1569 1146 esse
1603 1075 1781 1146 debitores
1804 1074 2020 1161 principales

512 1235 578 1302 pro
602 1215 762 1302 predicto
792 1217 964 1300 waltero,
994 1217 1052 1286 Ite
1076 1219 1171 1307 quod
1204 1217 1322 1304 Major
1345 1225 1382 1284 et
1411 1213 1546 1282 Belliui
1570 1213 1729 1302 ejusdem
1759 1209 1845 1279 ville
1868 1209 1931 1297 qui
1954 1229 2021 1296 pro

512 1359 672 1436 tempore
689 1351 819 1420 fuerint
840 1353 916 1422 fieri
932 1354 1067 1424 facient
1088 1357 1267 1444 predictas
1284 1355 1515 1444 septuaginta
1541 1353 1696 1441 quinque
1718 1353 1829 1421 libres
1848 1353 1895 1420 de
1915 1354 2019 1421 bonis

514 1497 552 1554 et
574 1486 725 1570 catellis,
745 1489 847 1556 terris
870 1500 908 1557 et
932 1492 1144 1560 tenementis
1168 1491 1244 1561 suis
1268 1491 1316 1560 ad
1341 1510 1641 1579 quorumcumque
1665 1508 1794 1558 manus
1816 1489 2023 1558 deuenerint

513 1621 545 1689 si
567 1625 746 1710 predictus
770 1625 952 1695 Walter-us
976 1629 1015 1696 in
1040 1629 1160 1717 aliquo
1184 1629 1435 1717 premissorum
1460 1637 1632 1717 quantum
1654 1628 1701 1695 sd
1724 1628 1840 1715 ipsum
1866 1627 2019 1714 pertinet

513 1757 680 1828 defecerit
714 1763 820 1848 juxta
862 1774 1021 1834 tenorem
1056 1776 1154 1835 certe
1181 1767 1317 1835 domini
1357 1766 1473 1854 Regin
1507 1766 1546 1833 in
1582 1763 1754 1832 auxilium
1787 1775 1824 1832 et
1862 1763 2020 1833 fauorem

513 1895 751 1986 orphanorum
791 1900 876 1967 ville
913 1901 1071 1988 predicte
1094 1903 1345 1990 ,burgensibus
1377 1901 1535 1988 eiusdem
1569 1902 1655 1969 ville
1688 1919 1866 1980 concesse.
1915 1899 2022 1969 Post·

510 2033 725 2121 modumque
746 2036 925 2123 predictus
948 2037 1132 2124 Johennee
1152 2036 1235 2126 (roy
1255 2039 1455 2125 inproprie
1473 2055 1627 2125 persone
1645 2057 1711 2105 sue
1730 2057 1849 2106 eorem
1872 2035 2018 2123 prefatis

512 2167 650 2256 Meiere
670 2180 709 2239 et
730 2171 882 2242 Balliuis
907 2174 945 2240 in
963 2173 1155 2262 Guybelde
1177 2175 1339 2264 predicte
1363 2175 1402 2243 in
1426 2175 1535 2262 pleno
1555 2175 1740 2244 hundredo
1764 2174 1897 2244 ibidem
1919 2183 2018 2242 tento

512 2305 571 2372 die
602 2305 769 2374 Mercurii
794 2318 926 2377 extunc
954 2311 1117 2398 proxime
1139 2313 1302 2398 sequenti
1333 2311 1424 2398 petit
1452 2309 1728 2398 Inquisicionem
1759 2310 1845 2378 inde
1868 2307 1950 2396 cepi
1979 2318 2016 2378 et

510 2461 714 2528 processum
745 2447 1077 2516 rersueduodecim
1101 2450 1233 2535 probos
1257 2457 1293 2518 et
1325 2449 1462 2538 legales
1483 2448 1646 2516 homines
1677 2447 1724 2514 de
1745 2445 1833 2514 villa
1857 2445 2017 2531 predicte

511 2577 589 2646 fieri
615 2581 662 2648 ed
684 2580 931 2668 inquirendum
953 2605 1023 2672 que
1036 2585 1150 2671 xbone,
1175 2587 1318 2668 cemlle,
1343 2595 1467 2666 terres,
1493 2591 1695 2653 tenemento
1717 2583 1804 2652 dicti
1824 2581 2017 2663 walterus,

508 2715 692 2799 Jobnnnes
715 2717 938 2809 Wermystre
960 2731 998 2789 et
1020 2721 1202 2791 Robertus
1229 2723 1464 2792 Meukeswell
1488 2722 1548 2792 dle
1575 2720 1834 2809 recogniclonis
1858 2719 2015 2808 predicte

508 2853 708 2924 habuerunt
733 2866 797 2926 ent
817 2879 908 2926 vnus
931 2878 1052 2928 eorum
1084 2861 1222 2943 hebuit,
1246 2869 1285 2929 et
1308 2879 1372 2948 per
1395 2858 1551 2947 prefatos
1579 2859 1753 2947 Maiorem
1778 2869 1816 2928 et
1837 2858 2017 2926 Bullinum

508 2991 579 3081 (ric)
601 3012 807 3063 conoessum
839 3005 906 3064 est
949 2995 1000 3063 Et
1029 3015 1136 3084 super
1158 2997 1227 3066 hoc
1257 3015 1323 3084 per
1343 2995 1499 3084 prefatos
1534 2996 1709 3084 Maiorem
1731 3006 1768 3064 et
1791 2995 1952 3063 Balliuos
1977 2995 2016 3060 in

507 3126 615 3197 Curia
645 3131 805 3218 predicte
836 3134 875 3199 in
909 3131 1106 3201 Hundredo
1138 3133 1298 3222 predicto
1328 3141 1535 3222 preceptum
1570 3144 1626 3202 est
1654 3134 1791 3202 'lbome
1824 3131 2012 3220 Sbipnerd

508 3263 676 3334 seruienti
716 3269 763 3335 ed
802 3269 941 3337 cleuem
980 3280 1017 3339 et
1057 3269 1224 3340 Ministro
1269 3269 1374 3340 Curie
1415 3272 1573 3358 predicte
1617 3270 1713 3359 quod
1749 3269 1871 3338 venire
1905 3267 2014 3336 faciat

507 3415 627 3466 coram
660 3401 807 3487 prefatis
841 3404 979 3490 Maiore
1013 3415 1051 3472 et
1085 3405 1238 3474 Balliuis
1269 3406 1317 3473 ed
1351 3408 1573 3475 hundredum
1616 3405 1676 3474 die
1708 3405 1848 3512 veneris
1882 3413 2013 3472 extunc

507 3537 670 3622 proxime
697 3540 859 3626 sequenti
896 3541 934 3608 in
970 3539 1160 3628 Guyhalds
1194 3541 1354 3629 predicte
1388 3544 1580 3612 tenendum
1616 3541 1794 3630 predictos
1828 3540 2013 3610 duodecim

506 3674 638 3759 probos
663 3682 700 3742 et
720 3675 857 3762 legales
881 3675 1044 3744 homines
1068 3677 1115 3746 de
1139 3677 1226 3746 ville
1244 3678 1413 3764 predicte
1464 3677 1605 3746 Virtute
1623 3679 1724 3764 ouius
1744 3677 1901 3764 precepti
1919 3677 2016 3746 idem

506 3808 665 3876 sentiens
698 3810 747 3878 nd
769 3812 991 3880 hundredum
1024 3815 1222 3899 predictum
1246 3834 1365 3883 ocrem
1395 3815 1542 3903 prdetis
1565 3815 1704 3901 Maiore
1731 3823 1769 3884 et
1796 3815 2015 3884 vicecomite

504 3953 643 4012 tentum
676 3947 871 4014 retorneuit
905 3949 1087 4034 penellum
1112 3952 1158 4019 de
1182 3951 1367 4020 duodecim
1400 3951 1522 4038 probis
1545 3961 1582 4018 et
1603 3951 1780 4040 legalibus
1809 3952 2013 4022 bominibus

503 4099 569 4168 per
604 4082 720 4172 ipsum
754 4085 996 4172 impenellntis
1030 4089 1077 4155 ed
1114 4089 1362 4175 inquirendum
1398 4088 1444 4156 de
1478 4087 1672 4175 premissis.
1726 4087 1777 4156 Et
1810 4109 1917 4176 super
1943 4090 2014 4157 hoc

502 4216 611 4286 iidem
643 4216 762 4305 Major
795 4228 833 4287 et
863 4219 995 4288 Belliui
1029 4232 1198 4310 oeperunt
1230 4222 1500 4310 inquisicionem
1531 4223 1577 4292 de
1610 4222 1793 4310 premissis
1825 4223 1863 4290 in
1897 4223 2011 4294 ferme

505 4353 667 4440 sequenti
677 4379 733 4424 2·-
1671 4355 1677 4366 '

633 4491 815 4560 Bristollie
835 4491 1029 4580 Inquisioio
1049 4507 1157 4584 cepte
1187 4499 1321 4567 ibidem
1350 4498 1389 4567 in
1419 4500 1526 4586 pleno
1555 4496 1740 4566 hundredo
1769 4505 1868 4565 tento
1893 4517 2013 4572 coram

501 4625 648 4710 prefatis
686 4627 824 4715 Maiore
864 4641 922 4699 et·
942 4631 1094 4702 Balliuis
1123 4635 1182 4702 die
1223 4637 1363 4706 veneris
1405 4636 1570 4724 proximo
1602 4643 1685 4722 post
1720 4631 1850 4702 festum
1883 4632 2010 4704 Sancti

502 4761 696 4845 Valentini,
730 4785 825 4834 anno
859 4767 962 4856 regni
997 4769 1094 4858 regie
1126 4769 1275 4840 Henrici
1309 4770 1413 4842 Sexti
1444 4782 1528 4860 post
1560 4771 1800 4858 conquestum
1831 4771 2010 4842 tricesimo

500 4897 617 4984 primo
636 4895 768 4991 [¹4⁵3]2
785 4900 916 4972 virtute
937 4902 1135 4974 litterarum
1156 4908 1359 4994 patencinm
1378 4907 1514 4976 domini
1536 4904 1736 5000 E[dwnrdi]
1755 4927 1867 4996 nuper
1892 4907 2008 4999 Regis

500 5031 636 5120 Anqtie
658 5056 725 5123 pro
749 5037 855 5108 bonis
887 5039 1135 5128 orphanorum
1159 5045 1252 5114 infru
1281 5046 1431 5114 eandem
1454 5047 1578 5114 villam
1607 5045 1857 5132 recuperandis
1879 5045 2010 5114 virtute

499 5171 697 5242 litterarum
729 5174 966 5262 predictarum
997 5179 1128 5265 Maiori
1163 5190 1201 5247 et
1234 5179 1387 5249 Belliuis
1420 5199 1490 5269 que
1518 5191 1573 5250 est
1601 5182 1695 5264 telis,
1721 5191 1789 5250 etc.
1848 5178 2007 5266 Quarum
