5194 6602
800 838 898 933 822
921 837 1060 928 little
1084 835 1336 926 8122882212
1361 835 1412 924 ot
1441 835 1629 927 8212821.
1895 863 1962 936 241

464 1051 596 1146 [2528]
624 1052 746 1124 before
772 1052 868 1138 John
891 1050 1014 1134 Were,
1042 1049 1181 1138 Meyer,
1210 1047 1367 1116 litonum
1394 1047 1535 1116 Nesshe
1563 1049 1635 1118 and
1662 1048 1783 1118 David
1812 1013 1968 1134 Hntton,

463 1189 624 1262 Sheriiis.

595 1321 710 1392 Cleim
735 1321 841 1390 mede
861 1342 882 1406 p
904 1318 1003 1402 Fau,
1028 1325 1070 1388 28
1096 1319 1192 1390 Han.
1217 1321 1320 1391 vm
1347 1319 1467 1416 [2557]
1496 1325 1545 1414 by
1569 1326 1760 1415 burgenses
1783 1325 1824 1393 oi
1843 1325 1971 1416 Tenby

464 1460 503 1528 12
516 1459 654 1542 weles,
675 1457 795 1528 before
815 1457 978 1526 Richard
988 1457 1207 1546 Abyngdon
1226 1458 1367 1548 Meyer,
1388 1458 1483 1544 John
1497 1457 1685 1548 Shipman,
1705 1461 1801 1545 John
1815 1459 1968 1543 Hutton,

464 1595 625 1666 Richard
652 1595 791 1677 lonell,
819 1595 892 1662 and
919 1594 1077 1662 Thomas
1100 1595 1235 1680 white,
1258 1577 1464 1679 Aldermen,
1493 1597 1651 1666 Thomas
1672 1597 1781 1686 Pacy,
1804 1596 1969 1667 clement

464 1733 563 1820 Bays
588 1733 661 1802 and
686 1731 1035 1822 RogerCcke.late
1058 1729 1216 1819 Mayors.
1268 1730 1968 1820 leuspportoithiacleimthebochs

464 1865 1966 1958 oiRlohardPrpnandllomasMoraSheriiisoiBristolwereprcduoed.

594 2125 743 2196 Chartae
766 2123 809 2193 oi
823 2125 1015 2214 privileges
1036 2133 1076 2192 82
1100 2123 1162 2192 8122
1185 2133 1283 2192 town
1301 2121 1520 2206 2111221222
1545 2124 1650 2208 Μ22.,
1677 2130 1720 2193 28
1744 2125 1838 2194 Η22.
1860 2125 1966 2195 vm.
2062 2195 2065 2200 .

464 2259 596 2356 [2557]
620 2261 779 2332 enrolled
800 2262 839 2330 in
864 2262 926 2330 8122
948 2261 1035 2330 tima
1059 2259 1101 2330 21
1123 2261 1285 2330 Richard
1308 2261 1527 2350 Abyngdon,
1555 2281 1596 2346 25
1621 2262 1725 2345 Mar„
1755 2283 1848 2348 2557.

469 2503 591 2581 Gran!
605 2505 647 2604 by
661 2505 719 2581 the
739 2501 877 2602 Mayor
897 2504 977 2579 and
993 2503 1182 2604 Burgum
1196 2503 1245 2601 ff
1256 2503 1407 2592 Bresioi
1426 2530 1466 2580 as
1484 2503 1643 2582 Patrone
1657 2504 1773 2604 ostlu
1792 2503 1969 2606 Hospilal

464 2656 511 2756 aff
529 2655 583 2732 St.
614 2655 716 2752 712822
743 2656 802 2732 882
825 2655 980 2757 Baptst,
1001 2655 1181 2755 'Redclfi
1195 2653 1289 2744 Pitt,
1319 2653 1367 2753 os
1387 2654 1446 2730 882
1473 2663 1556 2733 next
1578 2658 1818 2756 promtum
1846 2665 1879 2732 82
1908 2656 1966 2732 882

929 2803 1149 2905 8122822282]
1175 2804 1295 2904 2Ι882
1322 2803 1505 2906 Hospaal.

592 2969 769 3041 Omnibus
797 2969 931 3040 Christi
957 2968 1124 3040 fidelibus
1152 2971 1375 3058 presencium
1401 2971 1626 3040 continencia
1650 2971 1803 3054 lecturis,
1837 2971 1968 3040 2122212

462 3120 500 3177 28
523 3109 697 3176 audituris
720 3107 924 3178 willelmus
954 3107 1144 3194 Shipman,
1172 3105 1291 3195 Major
1314 3107 1400 3175 ville
1425 3107 1607 3176 Bristollie
1634 3117 1671 3176 et
1700 3109 1904 3196 Burgenaes
1931 3117 1969 3174 et

464 3244 709 3316 Communitas
727 3245 886 3332 ejusdem
900 3245 996 3327 21112,
1013 3246 1088 3314 veri
1102 3257 1139 3314 et
1152 3245 1344 3314 indubitati
1362 3245 1510 3314 Petroni
1524 3246 1662 3314 Domus
1676 3246 1753 3314 siue
1768 3245 1970 3333 Hospitalis

464 3380 589 3453 22222
610 3355 786 3466 Joemu
810 3381 975 3468 eapese
1004 3382 1135 3451 amaa
1157 3382 1204 3486 22δ
1225 3381 1373 3452 naseu
1396 3381 1483 3471 eye
1512 3383 1625 3470 ipsius
1645 3383 1731 3451 cue
1756 3385 1907 3450 maen
1931 3391 1970 3450 et

464 3519 638 3588 sinceram
653 3517 850 3586 1221222122
865 3517 1085 3587 212221828222.
1122 3518 1303 3588 Noueritis
1317 3539 1384 3588 nos
1398 3519 1554 3608 prefatos
1568 3520 1752 3608 Maiorem,
1767 3520 1973 3607 Burgenses

464 3667 502 3724 et
544 3655 841 3725 Communitatem
883 3676 1035 3724 unacum
1067 3677 1226 3738 assensu,
1256 3677 1432 3726 consensu
1460 3668 1497 3726 28
1525 3660 1709 3726 voluntate
1742 3657 1885 3738 nostris,
1922 3657 1971 3724 ed

464 3795 674 3866 eximiarum
688 3813 843 3882 namque
856 3794 1051 3862 litterarum
1072 3795 1370 3868 excellentissime
1383 3794 1539 3864 Domine
1553 3795 1661 3862 Anne
1675 3793 1819 3881 Regine
1832 3791 1969 3881 Anglie

463 3932 802 4020 contemplacionem
825 3931 930 4001 nobis
952 3933 1174 4014 directarum,
1199 3942 1237 4000 et
1259 3931 1357 4000 omni
1380 3951 1425 4000 22
1446 3951 1516 4017 que
1536 3931 1655 3999 decuit
1682 3929 1884 3998 reuerentia
1904 3947 1972 4015 per

463 4089 530 4139 nos
558 4067 807 4138 decentissime
829 4077 1060 4156 receptarum,
1085 4069 1313 4156 ipsarumque
1336 4069 1533 4137 litterarum
1558 4077 1599 4135 vt
1626 4067 1783 4155 benigne
1807 4075 1972 4166 tenemur

461 4206 624 4276 effectum
648 4205 901 4293 perimplentes
926 4205 1077 4287 dedisse,
1103 4205 1321 4274 concessisse
1348 4215 1387 4274 et
1412 4205 1482 4272 1222
1505 4203 1663 4291 presenti
1688 4202 1820 4289 scripto
1844 4209 1966 4269 nostro

462 4343 689 4411 confirmasse
711 4340 851 4410 dilectis
875 4341 981 4410 nobis
1004 4341 1043 4408 in
1066 4339 1208 4410 Christo
1228 4342 1492 4428 circumspectis
1514 4361 1651 4409 summe
1663 4339 1855 4427 prudencie
1880 4338 1971 4406 viris

463 4479 639 4549 Edwardo
663 4479 840 4568 Beynton,
861 4479 978 4562 militi,
992 4477 1273 4548 chcamerario
1297 4479 1392 4548 dicte
1413 4465 1671 4565 preclarissime
1690 4477 1845 4544 Domine
1858 4475 1971 4546 Anne

464 4617 618 4705 Regine,
641 4614 818 4704 Magistro
840 4614 1015 4684 Nicholno
1034 4612 1229 4698 shaxston,
1251 4635 1351 4684 sacre
1369 4616 1550 4703 theologie
1571 4614 1761 4702 professori
1775 4634 1818 4682 22
1831 4613 1970 4684 Elimo·

463 4751 596 4820 ainerio
624 4753 718 4821 dicte
746 4751 859 4840 ipsius
885 4752 1029 4820 domine
1057 4718 1201 4840 Regine
1225 4761 1263 4818 et
1290 4751 1409 4822 Dauid
1438 4751 1579 4819 Hutton
1608 4751 1654 4818 de
1681 4752 1768 4818 villa
1796 4751 1969 4838 predicte,

463 4887 605 4969 Grocer,
632 4897 669 4958 et
696 4887 890 4976 assignetis
926 4888 1000 4956 suis
1028 4890 1242 4977 conjunctim
1274 4898 1312 4958 et
1339 4909 1460 4958 2222222
1489 4889 1635 4957 cuilibet
1663 4909 1728 4976 per
1756 4908 1796 4956 se
1823 4887 1967 4956 diuisim

463 5023 614 5112 primam
643 5034 680 5092 et
706 5025 906 5112 proximam
939 5027 1211 5095 eduoceciouem
1246 5035 1284 5095 et
1319 5026 1602 5095 nominationem
1638 5025 1825 5113 dignitatis
1860 5023 1970 5094 officii

465 5159 631 5248 Magistri
659 5161 798 5230 Demus
825 5163 902 5232 siue
931 5163 1132 5250 Hospitalis
1159 5162 1317 5250 predicte
1345 5181 1426 5230 cum
1457 5163 1623 5231 omnibus
1656 5163 1731 5231 suis
1758 5163 1902 5248 Jusibus
1929 5170 1970 5228 et

1821 5289 1879 5342 222
