5194 6602
630 797 700 870 242
965 773 1062 864 libe
1088 773 1227 864 little
1250 774 1349 866 ileo
1373 775 1502 867 Boot
1527 777 1579 866 ot
1608 775 1794 868 uruat

626 985 856 1074 pertinenciis
891 987 1179 1073 quibuscumque
1238 987 1453 1058 Habendam
1482 998 1520 1058 et
1555 991 1747 1058 tenendam
1777 989 1913 1060 eisdem
1942 989 2129 1072 Edwards

628 1122 802 1192 Nicholao
825 1135 862 1192 et
883 1123 1003 1192 David
1025 1133 1062 1192 et
1088 1124 1281 1212 assignatis
1303 1127 1382 1194 suis
1405 1127 1621 1214 conjunctim
1644 1137 1681 1198 et
1706 1147 1828 1196 eorum
1849 1127 1994 1196 cuilibet
2014 1148 2078 1216 per
2092 1149 2132 1196 se

627 1259 773 1326 diuisim
802 1279 867 1345 pro
895 1279 968 1328 vna
995 1269 1033 1326 et
1060 1261 1222 1346 proxima
1250 1263 1439 1332 vacocione
1467 1264 1627 1350 ejusdem
1661 1261 1768 1332 officii
1799 1263 1967 1352 Magistri
1995 1265 2132 1332 Domus

629 1394 706 1464 siue
732 1397 936 1485 Hospitalis
958 1397 1135 1466 antedicte
1159 1407 1309 1466 tantum.
1354 1399 1412 1468 Ita
1432 1401 1528 1486 quod
1548 1400 1641 1468 bene
1653 1400 1776 1468 licebit
1795 1401 1930 1470 eisdem
1944 1401 2130 1483 Edwards

629 1533 805 1604 Nicholao
828 1543 866 1602 et
890 1533 1010 1602 David
1032 1543 1069 1602 et
1092 1535 1285 1624 essigrmtis
1308 1535 1383 1604 suis
1405 1537 1621 1625 coniunctim
1642 1547 1679 1604 et
1699 1557 1821 1604 eorum
1842 1537 1988 1607 cuilibet
2007 1557 2071 1624 per
2092 1557 2132 1606 se

628 1673 771 1744 diuisim
792 1674 1086 1761 quandocumque
1105 1681 1143 1742 et
1163 1674 1463 1761 qualitercumque
1476 1675 1610 1742 dictum
1630 1672 1783 1742 officium
1805 1673 1972 1760 Magistri
1992 1672 2131 1742 Domus

627 1811 704 1880 siue
719 1809 919 1896 Hospitalis
933 1808 1135 1896 supradicte
1152 1829 1217 1896 per
1230 1817 1389 1891 mortem,
1404 1810 1610 1892 cessionem,
1625 1809 1862 1888 vacacionm
1877 1807 2130 1888 dimissionem,

628 1967 691 2016 seu
719 1948 791 2015 alio
819 1967 1040 2034 quocumque
1068 1947 1174 2014 modo
1210 1945 1324 2032 primo
1353 1956 1416 2014 aut
1452 1947 1613 2035 proxime
1640 1965 1769 2016 vacare
1798 1945 1989 2034 contigerit
2024 1965 2132 2012 unam

626 2101 815 2170 personam
837 2081 994 2148 habilem
1018 2091 1055 2149 et
1080 2080 1244 2148 idoneam
1270 2081 1374 2150 nobis
1397 2083 1503 2150 dictis
1527 2081 1668 2170 Maiori,
1697 2081 1939 2170 Burgensibus
1965 2091 2002 2148 et
2026 2080 2132 2150 Com-

627 2215 794 2285 munitati
815 2216 900 2284 ville
923 2216 1081 2303 predicte
1105 2226 1141 2284 et
1166 2218 1429 2286 successoribus
1454 2217 1585 2286 nostris
1610 2227 1695 2284 tunc
1714 2238 1779 2305 pro
1801 2230 1959 2304 tempore
1977 2219 2133 2285 existen-

627 2353 724 2420 tibus
746 2353 939 2420 nominare.
983 2353 1032 2419 Et
1054 2352 1256 2420 immediate
1278 2363 1361 2439 post
1380 2353 1584 2440 hujusmodi
1605 2353 1888 2422 nominacionem
1909 2354 2014 2422 nobis
2026 2354 2133 2422 dictis

628 2489 769 2576 Majori,
791 2489 1037 2576 Burgensibus
1061 2498 1098 2556 et
1123 2487 1378 2556 Communitati
1404 2509 1470 2576 per
1496 2489 1650 2576 prefatos
1675 2489 1900 2571 Edwardum,
1921 2489 2133 2557 Nicholaum

629 2636 667 2693 et
700 2626 821 2694 Dauid
858 2628 916 2695 vel
952 2627 1156 2713 assignatos
1191 2645 1275 2694 suos
1311 2623 1526 2712 conjunctim
1563 2645 1627 2694 seu
1655 2646 1776 2695 eorum
1813 2627 1967 2712 aliquem
2002 2645 2066 2712 per
2094 2647 2133 2694 se

631 2761 773 2830 diuisim
799 2761 837 2829 in
862 2761 975 2830 forma
999 2762 1158 2849 predicta
1186 2761 1317 2830 factam
1349 2761 1425 2829 Nos
1456 2761 1544 2829 dicti
1571 2760 1700 2850 Major,
1730 2763 1935 2850 Burgenses
1962 2773 1999 2830 et
2027 2761 2133 2829 Com·

630 2899 785 2966 munitas
810 2899 1036 2966 concedimus
1065 2898 1198 2965 eisdem
1231 2897 1417 2978 Edwardo,
1449 2897 1624 2966 Nicholao
1653 2908 1690 2966 et
1721 2898 1842 2966 Dauid
1871 2907 1908 2964 et
1938 2897 2131 2986 assignas

629 3036 704 3105 suis
728 3034 942 3124 conjunctim
967 3045 1148 3102 eteorum
1174 3034 1319 3102 cuilibet
1346 3054 1410 3122 per
1438 3055 1478 3104 se
1507 3036 1649 3104 diuisim
1679 3056 1743 3122 per
1771 3047 1954 3124 presentes
1982 3037 2133 3104 eandem

628 3190 817 3258 personam
843 3171 895 3237 sic
918 3170 1022 3237 nobis
1047 3170 1266 3238 nominatam
1292 3171 1506 3240 Reuerendo
1535 3172 1573 3238 in
1602 3173 1744 3242 Christo
1772 3172 1872 3241 Patri
1895 3173 2134 3241 Bathonensis

629 3317 666 3374 et
693 3307 886 3375 wellensis
914 3306 1065 3374 diocesis
1093 3305 1272 3394 Episcopo
1301 3327 1366 3393 pro
1387 3318 1547 3394 tempore
1573 3318 1658 3376 tunc
1686 3307 1864 3390 existenti,
1895 3309 1971 3396 ejus
2000 3309 2131 3377 vicario

630 3442 669 3512 in
693 3443 935 3531 spiritualibus
959 3441 1119 3531 generali
1144 3453 1207 3510 aut
1232 3443 1339 3510 alicui
1364 3444 1424 3530 alij
1451 3445 1547 3514 vices
1569 3445 1682 3532 ipsius
1703 3433 1889 3513 reuemndi
1914 3445 2028 3532 patris
2048 3455 2134 3514 ωηο

631 3580 770 3667 gerenti
805 3587 1009 3665 presentare
1037 3587 1075 3644 ct
1108 3598 1174 3664 per
1201 3578 1302 3644 illum
1331 3575 1446 3646 lacere
1482 3579 1620 3648 institui
1656 3599 1840 3668 quousque
1875 3601 1947 3649 vna
1982 3601 2134 3668 persona

631 3717 764 3785 habilis
785 3725 822 3783 et
844 3717 973 3784 idonea
997 3715 1043 3782 ad
1067 3713 1350 3782 nominacionem
1376 3715 1531 3802 ipserum
1557 3714 1735 3798 Edwardi,
1764 3716 1929 3784 Nicholai
1955 3729 1992 3784 et
2014 3718 2134 3786 Dauid

630 3864 667 3919 et
690 3851 951 3938 assignatorum
977 3870 1118 3917 suorum
1144 3850 1359 3937 conjunctim
1384 3869 1447 3918 seu
1470 3870 1592 3919 eorum
1621 3852 1808 3938 cujuslibet
1832 3873 1897 3940 per
1921 3874 1960 3921 se
1989 3844 2132 3922 diuisim

631 3987 736 4056 nobis
767 3988 820 4055 sic
852 3986 982 4055 factam
1013 4005 1078 4072 per
1109 3989 1412 4074 presentacionem
1447 3999 1605 4056 nostrum
1638 3989 1811 4058 dictomm
1848 3990 2007 4078 Maioris,
2044 3990 2133 4056 Bur·

631 4127 794 4214 gensium
836 4137 874 4194 et
917 4125 1190 4194 Communitatis
1232 4109 1339 4195 cause
1382 4127 1476 4194 dicte
1517 4127 1632 4214 prime
1670 4137 1708 4193 et
1742 4125 1904 4213 proruas
1936 4123 2137 4191 vacationis

631 4263 744 4350 ipsius
779 4261 946 4350 Magistri
986 4262 1124 4332 Domus
1161 4263 1238 4332 siue
1277 4262 1479 4351 Hospitalis
1518 4263 1718 4351 supradicte
1752 4263 1800 4330 ad
1839 4263 1940 4330 illam
1980 4261 2135 4331 Domum

633 4399 709 4468 siue
744 4398 972 4487 Hospitalem
1010 4400 1048 4467 in
1079 4399 1191 4467 forma
1231 4399 1410 4467 antedicta
1441 4400 1545 4487 juxta
1582 4399 1678 4483 Juris
1715 4399 1940 4486 exigenciam
1975 4398 2135 4486 legitime

630 4535 736 4604 irretit
774 4535 931 4604 admisse
968 4546 1005 4603 et
1044 4537 1082 4604 in
1119 4536 1216 4604 dicta
1253 4534 1372 4604 Domo
1408 4537 1486 4605 siue
1525 4535 1707 4623 Hospitali
1750 4555 1830 4602 curn
1874 4535 1948 4602 suis
1990 4533 2134 4619 Juribus

631 4682 669 4741 et
704 4672 933 4758 pertinenciis
975 4674 1252 4761 quibuscumque
1289 4676 1458 4742 canonice
1495 4675 1669 4742 instanter
1704 4673 1859 4754 inducta,
1897 4672 2064 4740 investita
2099 4681 2137 4739 et

634 4809 836 4886 installata;
859 4809 917 4878 Ita
930 4829 1070 4895 semper
1090 4813 1185 4897 quod
1206 4812 1330 4879 omem
1352 4831 1504 4898 persona
1526 4812 1589 4880 sic¹
1602 4811 1772 4880 canonice
1792 4811 1965 4892 instituta,
1980 4811 2136 4892 inducta,

633 4945 803 5014 investita
824 4956 861 5014 et
884 4947 1068 5014 installata
1088 4947 1292 5032 Jursrnento
1314 4967 1380 5015 suo
1408 4947 1572 5034 primitus
1593 4945 1688 5016 iacto
1713 4959 1750 5015 et
1774 4947 1943 5016 canonice
1965 4943 2136 5033 predicunt

634 5081 867 5180 residenciam
882 5083 1086 5152 continuam
1109 5085 1146 5150 in
1168 5085 1264 5152 dicta
1284 5083 1402 5153 Domo
1424 5085 1500 5152 siue
1515 5084 1696 5170 Hospitali
1711 5083 1943 5170 personaliter
1963 5083 2138 5151 custodiet

1087 5234 1228 5289 *usn
1316 5235 1519 5297 ·scuus.,·
1543 5237 1685 5304 inesto.
