5194 6602
599 789 674 862 ²40
936 763 1034 866 dhe
1057 764 1198 856 little
1221 765 1320 858 neo
1343 767 1474 858 Book
1498 768 1549 859 oi
1579 769 1767 862 bristol.

598 979 685 1046 dicti
720 978 857 1048 domini
892 977 1009 1068 Regis
1045 981 1090 1050 de
1125 979 1296 1069 Ingressu
1330 1003 1438 1080 super
1475 983 1702 1052 disseminant
1741 984 1780 1051 iu
1809 985 1845 1053 le
1871 995 1955 1073 post
1989 1005 2112 1056 versus

598 1115 799 1203 predictum
829 1114 1024 1184 Heancum
1053 1116 1204 1188 Weston
1232 1121 1278 1188 de
1307 1117 1469 1189 Oldland
1504 1121 1648 1190 fratrem
1676 1142 1796 1190 meum
1824 1122 2109 1210 prenominatum

601 1273 667 1340 per
687 1274 817 1323 nomen
839 1253 988 1323 Henrici
1008 1253 1160 1324 Weston
1181 1254 1228 1323 ad
1248 1276 1351 1324 veum
1378 1255 1492 1343 ipsius
1516 1257 1692 1344 JohennIs
1720 1259 1947 1328 etheredum
1969 1280 2112 1328 suorum

603 1393 836 1479 recuperauit.
886 1391 945 1460 Ita
975 1391 1140 1460 videlieet
1169 1395 1265 1480 quod
1295 1413 1361 1462 nec
1391 1413 1461 1481 ego
1490 1393 1648 1482 prelatus
1675 1395 1833 1465 Tiromm
1860 1396 2013 1465 Weston
2044 1417 2112 1468 nec

601 1528 753 1598 heredes
776 1527 847 1596 mei
868 1547 934 1596 nec
956 1529 1085 1616 aliquis
1116 1529 1208 1598 alius
1235 1551 1300 1616 per
1328 1550 1406 1612 nos,
1432 1551 1499 1618 pro
1527 1533 1633 1601 nobis
1661 1553 1724 1602 seu
1751 1533 1955 1603 nominibus
1979 1537 2112 1606 nostris

603 1677 665 1734 sut
704 1666 848 1735 nomine
883 1665 1033 1753 alicujus
1068 1675 1227 1735 nosbum
1264 1667 1409 1755 aliquod
1445 1671 1517 1756 jus,
1554 1677 1698 1752 statum,
1734 1670 1888 1753 titulum,
1924 1673 2111 1756 demeum,

602 1803 818 1872 demandam
834 1823 897 1872 seu
910 1805 1081 1872 interesse
1102 1806 1148 1874 de
1168 1807 1226 1875 vel
1246 1808 1285 1873 in
1307 1807 1476 1893 predictis
1497 1808 1692 1896 mesuagiis
1712 1828 1792 1876 cum
1807 1809 2035 1896 pertinenciis
2048 1821 2112 1880 aut

601 1943 651 2010 de
675 1943 733 2012 vel
759 1941 797 2010 in
823 1941 944 2028 aliqua
968 1942 1052 2010 inde
1074 1943 1231 2028 parcella
1253 1944 1299 2012 de
1321 1953 1440 2012 cetero
1462 1944 1617 2032 exigere,
1639 1945 1804 2028 clamare,
1826 1949 2013 2018 vendicare
2034 1950 2112 2020 siue

602 2081 818 2150 demandare
843 2079 1037 2166 poterimus
1062 2089 1124 2148 aut
1145 2080 1276 2168 poterit
1300 2080 1535 2168 quouismodo
1556 2081 1595 2150 in
1619 2081 1785 2150 firtunrm.
1841 2079 1915 2152 Sed
1939 2087 1987 2153 ab
2011 2086 2110 2154 omni

599 2216 690 2303 jure,
705 2225 811 2298 statu,
826 2217 942 2296 titulo,
956 2219 1102 2298 clamen,
1117 2218 1295 2286 demanda
1316 2227 1353 2286 et
1374 2219 1547 2287 interesse
1568 2217 1651 2286 Inde
1672 2219 1902 2306 imposterum
1924 2221 2111 2310 exigendis

606 2353 718 2422 slmus
746 2353 888 2441 penitus
916 2355 1052 2424 exclusi
1087 2354 1345 2442 imperpetuum
1380 2375 1446 2442 per
1485 2366 1679 2442 presentes.
1737 2357 1786 2425 Et
1821 2376 1891 2446 ego
1920 2377 2005 2426 vero
2032 2378 2112 2444 prs·

604 2492 808 2560 nomInatus
840 2492 999 2562 Thomas
1025 2492 1178 2562 Weston
1214 2503 1250 2560 et
1288 2492 1436 2562 heredes
1464 2493 1535 2561 mei
1571 2493 1775 2580 supradicta
1810 2497 1996 2585 mesuagie
2030 2515 2112 2564 cum

602 2629 832 2715 pertinenciis
853 2628 990 2717 prefato
1009 2630 1166 2716 Johanni
1178 2629 1386 2718 Willyams,
1407 2631 1597 2700 heredibus
1617 2642 1654 2699 et
1676 2632 1870 2720 assignatis
1892 2632 1967 2700 suis
1987 2643 2111 2702 eontra

604 2785 729 2833 omnes
754 2773 883 2853 gentes
903 2765 1211 2834 warantizabimus
1238 2777 1275 2834 et
1303 2767 1561 2854 imperpetuum
1582 2766 1811 2836 defendemus
1831 2788 1897 2855 per
1917 2778 2110 2856 presentes.

603 2902 647 2968 In
665 2901 765 2987 cujus
778 2901 830 2968 rei
855 2902 1097 2970 testimonium
1118 2904 1206 2971 hulc'
1220 2901 1378 2990 presenti
1392 2903 1524 2988 scripto
1543 2923 1624 2970 meo
1643 2901 1801 2990 sigillum
1817 2922 1934 2971 meum
1949 2903 2110 2990 apposui.

491 3039 499 3062 '
604 3037 689 3105 Hiis
707 3037 859 3107 testibus
880 3038 1037 3106 Henrico
1054 3039 1204 3126 Kemys,
1221 3037 1413 3120 Generoso,
1429 3037 1635 3108 Senescallo
1648 3039 1734 3108 ville
1749 3039 1930 3108 Bristollie
1943 3041 2111 3128 predicte,

430 4967 449 5021 l.
461 4979 518 5035 τις.

601 3174 766 3259 Johanne
787 3175 919 3264 Collys,
941 3177 1118 3244 Edwardo
1137 3176 1272 3260 Jobnes
1300 3187 1338 3246 et
1370 3177 1492 3244 multis
1521 3178 1615 3244 aliis.
1664 3177 1800 3244 Datum
1823 3177 1961 3245 decimo
1984 3187 2112 3246 octauo

602 3311 661 3378 die
686 3311 819 3380 mensis
844 3311 944 3394 Maii,
970 3333 1064 3380 enno
1086 3313 1190 3400 regni
1208 3313 1360 3400 predicti
1381 3313 1518 3382 domini
1538 3313 1655 3402 Regis
1678 3313 1827 3383 Henrici
1841 3314 1958 3382 octeni
1973 3315 2110 3382 decimo

603 3448 735 3541 [1518].
794 3452 864 3520 Per
891 3471 949 3519 me
976 3451 1152 3520 Thnmem
1179 3451 1344 3531 Weston,
1374 3449 1562 3519 Clericum.

732 3673 1042 3762 Exemplilication
1063 3674 1105 3742 of
1120 3675 1312 3762 privileges
1332 3673 1374 3741 of
1400 3676 1462 3740 the
1491 3691 1574 3741 men
1602 3651 1643 3740 oi
1667 3671 1882 3760 Wynehala,
1912 3694 1965 3741 co.
1993 3671 2108 3755 staff..

602 3812 761 3879 enrolled
786 3811 824 3877 in
849 3812 911 3878 the
931 3811 994 3878 red
1014 3811 1110 3879 book
1134 3812 1184 3898 by
1209 3812 1330 3899 Philip
1360 3810 1499 3892 RIcart
1529 3810 1702 3880 Common
1731 3810 1848 3892 Clark,
1879 3832 1916 3897 15
1943 3812 2041 3893 Feb„
2072 3833 2111 3880 ro

605 3951 700 4020 Hen.
730 3949 834 4020 VIII.
865 3948 997 4044 [1519]‚
1028 3947 1156 4042 J[ohn]
1186 3949 1392 4030 Edwardes,
1415 3949 1555 4038 Meyer,
1579 3948 1741 4016 William
1766 3947 1861 4016 Dale
1885 3950 1961 4015 and·
1981 3946 2109 4040 J[ohn]

605 4088 705 4170 Hall,
731 4087 892 4156 stetim.
949 4087 1107 4156 Ricart¹s
1127 4089 1311 4176 signatura
1330 4107 1455 4156 oocurs
1481 4095 1520 4153 et
1543 4086 1606 4154 the
1629 4086 1706 4152 foot
1731 4082 1773 4152 oi
1796 4085 1869 4153 this
1891 4094 2005 4176 entry.

736 4327 886 4396 Cherter
909 4327 952 4396 of
978 4327 1169 4416 privileges
1192 4338 1230 4395 to
1253 4329 1316 4396 the
1339 4347 1466 4394 manor
1487 4325 1529 4393 of
1552 4325 1688 4392 Cumbe
1710 4324 1802 4391 alias
1823 4322 1945 4392 Castle
1968 4323 2114 4402 Combe,

593 4487 658 4532 co.
674 4467 807 4548 wilte,
823 4467 970 4534 aoNov.
998 4489 1031 4534 11
1050 4467 1146 4534 Hen.
1160 4466 1263 4534 v111.
1287 4461 1420 4556 [1519],
1443 4463 1531 4532 with
1556 4462 1617 4529 the
1644 4462 1747 4528 usual
1772 4460 1879 4528 claim
1904 4460 1946 4527 of
1970 4470 2113 4528 tonante

605 4602 725 4672 before
738 4602 833 4688 John
848 4604 999 4687 Horcon,
1021 4603 1204 4692 Mayorof
1220 4605 1366 4686 Bristol,
1386 4603 1546 4670 Thomas
1566 4597 1739 4688 Joeffreys
1761 4600 1833 4666 and
1845 4596 1941 4682 John
1955 4595 2112 4686 Spryng,

608 4737 767 4821 Sheriffs,
791 4762 810 4822 3
836 4741 972 4818 March.
1002 4743 1041 4808 16
1067 4740 1163 4808 Hen.
1188 4739 1294 4811 V111.
1321 4737 1453 4830 [¹5²5]-

739 4959 885 5032 Similar
906 4963 1045 5032 cherter
1064 4973 1103 5030 to
1124 4964 1186 5031 the
1206 4973 1349 5032 tenente
1366 4962 1408 5032 oi
1423 4963 1485 5029 the
1504 4960 1642 5046 Bishop
1655 4958 1697 5027 of
1711 4957 1948 5039 Wmchester‚
1963 4960 2006 5024 28
2020 4955 2114 5036 Oct,

613 5102 652 5165 18
678 5098 773 5166 Hen.
795 5098 898 5166 VIII.
921 5097 1052 5191 [152⁶]
1078 5099 1164 5167 with
1185 5100 1247 5166 the
1267 5101 1370 5168 usual
1395 5098 1501 5166 claim
1526 5097 1631 5164 made
1655 5100 1695 5164 28
1716 5095 1810 5184 July,
1834 5113 1877 5162 20
1899 5091 1994 5161 Hen.
2008 5090 2114 5162 VIII.
