5230 6594
846 773 943 866 obe
967 775 1106 868 little
1130 777 1229 866 aleb
1255 774 1383 865 Boot
1408 773 1458 864 ot
1488 773 1677 870 tirtetol.
1964 803 2013 878 45

509 986 640 1055 Sutton
661 998 699 1054 et
717 988 920 1056 Willelmus
934 989 1102 1078 Beneley,
1117 990 1250 1058 Balliui
1264 989 1423 1076 ejusdem
1436 989 1531 1070 ville,
1547 1009 1593 1054 ex
1615 1007 1762 1056 assensu
1783 999 1820 1056 et
1840 1008 2018 1058 consensu

507 1122 663 1192 virorum
682 1125 872 1210 proborum
894 1135 931 1194 et
953 1127 1184 1196 discretorum
1205 1127 1436 1214 burgensium
1458 1125 1665 1194 Communis
1686 1125 1835 1194 Consilii
1855 1127 2014 1214 ejusdem

507 1261 593 1329 ville
616 1281 683 1348 pro
709 1264 835 1350 majori
860 1273 962 1350 parte
991 1265 1123 1334 ibidem
1152 1286 1216 1354 per
1244 1265 1453 1332 mandatum
1480 1263 1568 1331 dicti
1595 1264 1744 1350 Maioris
1768 1266 2014 1346 adunatorum,

507 1409 756 1468 oonoeaeerunt
784 1410 822 1470 et
849 1399 1060 1470 dimiserunt
1086 1403 1270 1470 Willelmo
1297 1399 1423 1488 Spelly
1450 1409 1488 1468 et
1514 1399 1670 1484 Johanni
1698 1399 1823 1488 Parys,
1853 1401 2015 1469 combur-

507 1534 678 1623 gensibus
706 1537 791 1604 ville
818 1539 986 1624 predicto,
1019 1538 1172 1607 officium
1208 1537 1395 1628 Plancagii
1430 1537 1588 1623 ejusdem
1623 1536 1708 1604 ville
1740 1554 1820 1602 cum
1849 1535 2015 1604 omnibus

506 1672 815 1742 commoditatibus
855 1685 891 1742 et
931 1677 1178 1744 emolumentis
1214 1676 1373 1762 predicto
1411 1673 1525 1741 officio
1569 1675 1616 1739 ab
1660 1671 1807 1757 antiquo
1849 1672 1895 1737 de
1934 1671 2014 1756 jure

506 1785 738 1894 quouismodo
766 1811 1035 1898 pertinentibus.
1093 1812 1310 1880 Habendum
1340 1820 1378 1878 et
1398 1810 1631 1878 exercendum
1653 1805 1806 1876 officium
1827 1805 2015 1892 Plancagii

505 1947 701 2032 predictum
736 1968 887 2016 unacum
924 1949 1088 2016 omnibus
1123 1947 1433 2018 commoditatibus
1465 1954 1502 2012 et
1529 1942 1777 2012 emolumentis
1806 1943 1852 2008 ad
1881 1943 2016 2010 dictum
2135 2045 2137 2048 Ι

505 2081 659 2150 officium
702 2085 934 2172 quouismodo
979 2086 1025 2152 de
1064 2087 1143 2172 iure
1187 2083 1430 2172 spectantibus
1468 2081 1544 2150 siue
1577 2079 1834 2168 pertinentibus
1869 2079 2017 2165 prefatis

504 2218 687 2288 Willelmo
716 2219 842 2309 Spelly
869 2231 906 2290 et
933 2222 1089 2306 Johanni
1117 2221 1231 2310 Parys
1260 2223 1307 2288 ad
1336 2219 1526 2287 terminum
1555 2218 1628 2285 vite
1656 2236 1777 2284 eorum
1806 2226 1843 2283 et
1871 2216 2016 2284 alterius

505 2374 626 2422 eorum
655 2357 788 2426 diutius
816 2358 970 2426 uiuentis
998 2362 1090 2426 bene
1119 2367 1156 2426 et
1185 2358 1223 2424 in
1251 2378 1352 2446 pace,
1382 2356 1525 2444 prouiso
1560 2373 1700 2440 semper
1738 2353 1833 2439 quod
1870 2351 2015 2437 ipsimet

504 2489 707 2560 willelmus
737 2493 863 2584 Spelly
889 2505 926 2564 et
953 2496 1136 2582 Johannes
1164 2497 1278 2584 Parys
1306 2515 1372 2562 nec
1408 2513 1529 2561 eorum
1565 2493 1656 2558 alter
1692 2491 1825 2558 dictum
1861 2487 2015 2556 officium

503 2647 667 2698 exercere
706 2632 781 2700 aut'
805 2653 978 2720 occupare
1013 2643 1221 2721 presumant
1257 2653 1320 2700 seu
1363 2639 1544 2718 presumat
1580 2627 1684 2696 aliter
1719 2647 1827 2714 quam
1866 2627 2014 2713 antiquo

504 2767 658 2832 exerceri
694 2777 732 2834 et
767 2772 933 2857 occupari
968 2770 1163 2839 consueuit.
1219 2769 1421 2837 Reddendo
1457 2767 1605 2854 proinde
1645 2763 1829 2831 annuatim
1869 2761 2016 2849 prefatis

504 2905 634 2992 Maiori
674 2916 711 2975 et
748 2907 901 2975 Balliuis
939 2919 976 2976 et
1020 2908 1282 2978 successoribus
1321 2906 1396 2973 suis
1435 2905 1564 2992 viginti
1601 2923 1665 2970 sex
1701 2903 1833 2969 solidos
1869 2911 1906 2968 et
1934 2911 2016 2968 octo

504 3043 668 3112 denarios
698 3045 947 3130 sterlingorum
977 3046 1024 3110 ad
1054 3054 1205 3130 quatuor
1235 3042 1321 3109 anni
1350 3042 1521 3110 terminos
1548 3041 1587 3106 in
1609 3040 1696 3106 villa
1716 3037 1899 3105 Bristollie
1919 3055 2015 3103 com·

502 3198 628 3248 munes
656 3189 692 3248 et
720 3183 862 3249 usuales
891 3182 992 3268 equis
1021 3181 1259 3267 porcionibus.
1304 3180 1353 3246 Et
1382 3199 1455 3246 non
1490 3177 1611 3245 licebit
1647 3175 1794 3264 prefatis
1830 3173 2013 3242 Willelmo

503 3313 629 3404 Spelly
657 3337 723 3386 nec
749 3318 906 3402 Johauni
934 3318 1049 3406 Parys
1077 3318 1211 3386 dictum
1240 3314 1394 3385 officium
1422 3315 1529 3384 alicui
1551 3316 1609 3382 vel
1634 3313 1813 3402 aliquibus
1836 3312 2014 3380 dimittere

502 3461 565 3519 aut
593 3455 785 3522 concedere
813 3456 963 3523 duante
991 3456 1142 3523 termino
1163 3455 1323 3542 predicto
1346 3457 1480 3540 absque
1500 3453 1650 3522 licencia
1671 3451 1817 3538 speciali
1838 3450 2011 3518 dictorum

502 3589 651 3675 Maioris
679 3599 716 3657 et
744 3591 965 3659 Balliuorum
994 3604 1056 3660 aut
1088 3611 1329 3660 successorum
1359 3611 1501 3658 suorum
1531 3592 1577 3657 ad
1605 3592 1674 3657 hoc
1702 3598 1849 3675 optenta
1878 3587 2012 3673 pariter

500 3735 537 3792 et
565 3743 744 3794 concessa.
788 3727 838 3795 Et
866 3727 899 3794 si
933 3727 1113 3814 predictus
1151 3729 1315 3796 annualis
1355 3727 1514 3794 redditus
1549 3728 1596 3792 ad
1632 3726 1786 3811 aliquem
1822 3725 2011 3792 terminum

499 3881 571 3948 quo
620 3864 712 3930 solui
755 3865 883 3932 debeat
927 3874 1042 3933 aretrc
1085 3865 1189 3932 fuerit
1231 3866 1268 3931 in
1311 3875 1414 3952 parte
1455 3866 1513 3932 vel
1555 3864 1594 3930 in
1637 3871 1713 3930 toto
1756 3883 1821 3948 per
1860 3869 2012 3950 quatuor

499 3999 717 4085 septimanas
756 4021 829 4070 non
867 4003 1014 4084 solanus,
1059 4004 1156 4090 quod
1195 4013 1326 4070 extrrnc
1365 4005 1457 4070 bene
1499 4001 1621 4070 licebit
1663 4001 1769 4068 dictis
1806 4000 1936 4087 Majori
1972 4009 2010 4068 et

497 4137 649 4208 Balliuis
688 4149 726 4208 et
765 4139 1027 4209 successoribus
1061 4140 1135 4210 suis
1162 4140 1375 4229 distringere
1403 4139 1519 4207 dictos
1551 4137 1772 4206 Willelmum
1809 4134 1935 4225 Spelly
1971 4146 2008 4206 et

496 4275 695 4359 Johannem
739 4278 853 4366 Parys
896 4279 1112 4366 coniunctim
1155 4289 1192 4346 et
1233 4278 1377 4346 diuisim
1419 4298 1484 4364 per
1526 4278 1647 4345 omnia
1688 4278 1784 4345 bona
1827 4295 1892 4342 sua
1938 4295 2007 4361 que

496 4413 685 4482 habuerint
713 4426 775 4482 aut
804 4418 896 4484 alter
923 4438 1044 4486 eorum
1074 4419 1238 4486 hahuerit
1274 4417 1367 4486 inira
1397 4417 1520 4484 villam
1548 4426 1585 4484 et
1613 4417 1803 4486 libertates
1824 4412 2004 4478 Bristollie

496 4559 535 4618 et
562 4550 804 4621 disbiceiones
832 4554 885 4620 sic
913 4564 1037 4640 captas
1067 4557 1241 4624 abducere
1269 4566 1306 4622 et
1333 4565 1516 4642 asportare
1544 4563 1581 4622 et
1614 4572 1725 4640 penes
1760 4569 1822 4618 eos
1857 4550 2008 4616 retinere

497 4706 681 4774 quousque
709 4689 755 4756 de
782 4690 878 4758 dicto
907 4692 1047 4760 redditu
1075 4713 1226 4760 unacum
1255 4693 1443 4779 arreragiis
1465 4693 1497 4759 si
1518 4709 1586 4779 que
1614 4690 1744 4758 fuerint
1771 4689 1825 4756 eis
1847 4687 2008 4774 plenarie

496 4823 601 4891 merit
641 4825 872 4896 satisfactum.
928 4829 977 4897 Et
1017 4831 1049 4896 si
1086 4831 1173 4898 dicti
1211 4830 1414 4898 Willelmus
1454 4826 1579 4915 Spelly
1618 4835 1655 4894 et
1681 4826 1863 4910 Johannes
1891 4823 2006 4912 Parys

495 4962 605 5030 nichil
633 4963 822 5032 habuerint
849 4985 913 5052 per
940 4969 1037 5054 quod
1067 4969 1233 5056 distringi
1262 4968 1417 5054 poterint
1444 4963 1536 5032 infra
1564 4963 1687 5030 villam
1716 4962 1793 5028 siue
1820 4961 2004 5027 libertates

493 5102 671 5186 predictas
699 5123 765 5190 pro
794 5105 934 5174 redditu
958 5108 1127 5194 predicto,
1151 5119 1212 5176 aut
1233 5108 1265 5175 si
1286 5107 1372 5174 dicti
1392 5104 1595 5172 willelmus
1617 5098 1742 5187 Spelly
1763 5109 1799 5166 et
1819 5096 2002 5180 Johannes
