5194 6602
810 845 908 939 doc
930 843 1070 936 utttle
1094 843 1193 934 tito
1216 845 1346 936 Socii
1371 847 1422 937 oi
1451 848 1638 942 nnstoi
1903 878 1976 952 ²³9

468 1060 628 1152 psoium
645 1060 871 1150 possessione
898 1059 1078 1143 existenti,
1105 1057 1296 1128 heredibus
1324 1068 1362 1127 et
1390 1061 1584 1150 assignatis
1612 1063 1687 1134 suis
1716 1065 1975 1154 imperpetuum

470 1211 586 1268 totum
612 1201 673 1288 ius
698 1218 828 1281 meum,
853 1208 999 1280 statum,
1024 1197 1179 1280 timiam,
1203 1195 1389 1281 clameum,
1412 1197 1627 1267 demandam
1650 1209 1688 1269 et
1713 1202 1884 1270 interesse
1906 1223 1976 1290 que

469 1354 626 1422 vnquam
651 1330 1311 1420 habuihabeoseuquouismodoin
1336 1329 1976 1425 fiutummhaberepoterodeetin

472 1480 550 1540 toto
563 1471 628 1538 illo
641 1468 826 1558 mesuagio
840 1489 920 1536 cum
941 1468 1171 1556 pertinenciis
1185 1479 1301 1538 amtro
1323 1469 1516 1539 tenememi
1535 1468 1693 1540 Abbatis
1713 1483 1750 1542 et
1771 1471 1977 1544 Cmuentus

471 1609 517 1676 de
551 1607 791 1696 Tewkeshury
819 1605 858 1674 in
885 1606 1056 1674 comitatu
1091 1603 1311 1674 Glouoeetrie
1346 1604 1479 1672 sinuato
1513 1605 1554 1671 in
1584 1595 1856 1694 Wynchestrete
1891 1610 1977 1677 ville

470 1746 653 1816 Bristollie
672 1745 849 1832 predictos
871 1745 967 1831 quod
987 1742 1131 1833 quidem
1153 1741 1375 1829 mesmgium
1389 1741 1559 1810 nuatum
1572 1751 1629 1812 eet
1641 1742 1736 1814 inter
1752 1746 1975 1834 mesuagium

471 1892 636 1954 vocatum
657 1885 693 1950 le
712 1881 837 1950 White
860 1879 953 1948 Hert
977 1888 1014 1947 et
1036 1887 1275 1947 tenementum
1300 1877 1451 1964 predicti
1473 1878 1648 1962 Johannis
1668 1879 1860 1970 thlyams
1880 1882 1977 1969 quod

471 2023 549 2112 ipse
578 2041 692 2110 nuper
719 2019 929 2108 perquisiuit
957 2017 1027 2088 sihi
1056 2027 1093 2087 et
1121 2016 1310 2086 heredibus
1335 2015 1410 2082 suis
1437 2015 1484 2082 de
1512 2013 1673 2084 Roberto
1701 2015 1838 2106 Poyntz
1863 2019 1978 2087 milite

470 2178 517 2226 ex
538 2165 641 2246 parte
662 2155 791 2224 boriali
811 2164 849 2223 et
869 2153 1067 2241 predictum
1087 2159 1328 2223 tenementum
1350 2155 1507 2242 ipsomm
1528 2152 1686 2224 Abbatis
1706 2166 1743 2224 et
1771 2153 1977 2226 Conuentus

469 2315 518 2364 ex
545 2302 649 2383 parte
679 2291 837 2372 australi,
871 2289 1106 2358 Extendendo
1136 2309 1176 2357 se
1206 2291 1254 2357 ah
1285 2293 1410 2360 mem
1446 2301 1648 2360 tenemento
1677 2311 1724 2360 ex
1751 2303 1854 2380 parte
1882 2295 1975 2363 occi-

471 2431 607 2500 dentali
634 2449 745 2517 usque
773 2427 1014 2516 supradictum
1043 2435 1283 2495 tenementum
1307 2426 1437 2515 prefati
1463 2427 1637 2511 Iohannis
1661 2449 1708 2497 ea
1733 2439 1835 2516 parte
1859 2429 1976 2497 orion.

470 2566 546 2634 tali.
605 2563 779 2652 Quodque
806 2563 1028 2652 mesanum
1057 2581 1138 2629 cum
1167 2561 1394 2650 pertinenciis
1422 2583 1488 2651 per
1515 2583 1645 2632 nomen
1671 2565 1976 2654 vniusmesuagii

470 2723 551 2772 cnm
593 2700 822 2790 pertinenciis
863 2699 902 2766 in
945 2698 1129 2766 Bristollie
1171 2699 1266 2768 idem
1302 2699 1485 2785 Iohannes
1519 2701 1711 2790 thlyams
1743 2720 1809 2787 per
1844 2721 1974 2770 nornen

469 2837 645 2926 Johannis
684 2836 867 2906 Williams
914 2855 1036 2924 nuper,
1080 2834 1245 2903 videlicet
1287 2835 1439 2903 termino
1482 2833 1607 2904 Sancti
1649 2835 1838 2905 Michaelis
1881 2857 1977 2906 anno

469 2975 573 3066 regni
624 2973 742 3064 Regis
791 2971 941 3040 Hearici
983 2971 1103 3040 octaui
1145 2981 1229 3059 post
1270 2983 1502 3060 conquestum
1550 2971 1714 3060 septimo,
1757 2973 1979 3062 recuperauit

342 3181 345 3188 .
468 3133 593 3182 versus
613 3113 812 3199 predictum
834 3110 1032 3178 Henricum
1052 3109 1205 3178 Weston
1225 3111 1272 3179 de
1293 3107 1461 3191 Oldland,
1481 3109 1625 3177 frenent
1639 3129 1756 3178 meum
1770 3131 1835 3197 per
1848 3130 1979 3180 nomen

471 3251 621 3319 Henrici
648 3249 812 3329 Westcn,
836 3248 883 3314 ad
906 3267 1009 3316 vsum
1039 3247 1151 3333 ipsius
1177 3247 1354 3334 Jchannis
1380 3257 1416 3314 et
1443 3247 1613 3316 heredum
1639 3267 1782 3316 suorum
1807 3249 1845 3316 in
1871 3247 1979 3319 Curia

469 3387 605 3457 domini
642 3386 760 3473 Regis
789 3385 885 3471 apud
914 3384 1272 3453 westmonasterium
1301 3403 1420 3452 eoram
1449 3383 1611 3452 Roherto
1639 3383 1753 3467 Rode,
1782 3383 1911 3469 Milite,
1940 3396 1977 3454 et

471 3525 578 3592 sociis
599 3524 674 3591 suis
693 3520 905 3605 Justiciariis
926 3518 1074 3587 Domini
1095 3519 1212 3610 Regis
1231 3522 1278 3589 de
1298 3521 1513 3608 Banoo,per
1532 3523 1641 3589 breue
1660 3521 1820 3608 ejusdem
1840 3521 1977 3592 domini

472 3659 589 3750 Regis
616 3660 662 3728 de
692 3659 863 3745 ingressu
890 3675 998 3744 super
1025 3657 1249 3724 disseisinam
1275 3656 1314 3723 in
1336 3625 1374 3724 le
1393 3665 1486 3742 post
1540 3656 1689 3724 Necnon
1714 3659 1759 3724 de
1780 3667 1817 3724 et
1839 3657 1878 3724 in
1903 3667 1979 3727 toto

471 3799 536 3866 illo
549 3795 736 3884 mesuagio
750 3815 830 3862 cum
851 3792 1080 3880 pertinenciis
1102 3793 1234 3862 simmc
1249 3793 1288 3861 in
1299 3793 1381 3862 vico
1394 3801 1521 3860 vocato
1535 3791 1806 3882 Wynchestrete
1819 3795 1980 3882 predicto

472 3937 567 4030 inter
600 3932 783 4001 introitum
827 3931 1020 3998 tenementi
1056 3930 1296 4018 prenominati
1333 3929 1508 4014 Johannis
1546 3929 1738 4019 Willyams
1773 3932 1906 4000 ibidem
1942 3941 1979 4002 et

471 4085 711 4142 tenementum
736 4067 884 4137 ecclesie
908 4067 1123 4155 parochialis
1144 4065 1269 4137 Sancti
1292 4065 1468 4154 Stephani
1488 4065 1782 4154 prothomartiris,
1797 4067 1977 4136 Bristollie

470 4209 638 4296 predicte,
666 4226 713 4274 ex
741 4214 844 4291 parte
866 4223 947 4286 vna,
973 4213 1010 4272 et
1038 4212 1279 4271 tenementum
1304 4201 1486 4292 pertinens
1513 4203 1662 4272 ecclesie
1686 4202 1811 4273 Sancti
1838 4203 1976 4273 Thome

470 4347 630 4415 Martiris
651 4343 832 4412 Bristollie
854 4341 1032 4411 antedicta
1048 4361 1095 4409 en
1115 4351 1218 4429 parte
1239 4341 1361 4426 altera,
1384 4341 1620 4410 Extendendo
1634 4361 1674 4410 se
1687 4363 1711 4409 a
1724 4343 1804 4410 vioo
1817 4343 1976 4430 predicto

471 4477 629 4545 anterius
660 4494 772 4562 vsque
808 4482 1049 4540 tenementum
1086 4471 1199 4558 ipsius
1235 4470 1408 4556 Johannis
1451 4473 1638 4558 posterius.
1697 4470 1801 4558 Quod
1833 4473 1976 4559 quidem

472 4615 694 4703 mesuagium
719 4633 800 4680 cum
825 4611 1053 4699 pertinenciis
1078 4629 1143 4696 per
1165 4630 1295 4678 nomen
1317 4611 1422 4678 vnius
1444 4611 1619 4699 mesuagii
1644 4631 1725 4680 cum
1751 4613 1979 4700 pertinenciis

472 4747 510 4814 in
538 4743 724 4814 Bristollia
743 4739 901 4828 prefatus
928 4739 1112 4823 Johannes
1133 4739 1326 4827 thlyams
1345 4759 1411 4826 per
1439 4759 1567 4808 nomen
1595 4741 1770 4826 Johannis
1797 4741 1979 4812 thiiams

471 4883 510 4950 in
525 4881 634 4951 Curia
654 4877 791 4947 domini
804 4877 921 4964 Regis
934 4875 1031 4963 apud
1045 4875 1401 4968 westmonasterium
1415 4896 1535 4945 eoram
1550 4876 1710 4947 Roberto
1724 4877 1838 4962 Rede,
1853 4881 1977 4962 milite,

471 5033 508 5087 et
533 5017 640 5088 sociis
666 5015 741 5084 suis
761 5013 974 5100 Justiciariis
1005 5011 1140 5080 domini
1169 5011 1286 5101 Regis
1310 5013 1356 5080 de
1378 5012 1512 5095 Banoo,
1538 5015 1688 5084 termium
1716 5015 1855 5084 Pasche
1880 5037 1976 5087 anno

470 5159 574 5248 regni
602 5155 719 5244 Regis
754 5151 902 5222 Henrici
940 5149 1059 5218 octaui
1084 5149 1234 5236 predicti
1261 5159 1345 5236 post
1373 5149 1613 5237 conquestum
1642 5173 1748 5240 nono,
1776 5174 1842 5243 per
1868 5157 1978 5223 breue
