5194 6602
853 784 950 877 ute
973 783 1114 874 little
1136 781 1235 873 lieo
1259 782 1390 875 Boot
1414 783 1684 880 rithuei
1952 816 2020 889 197

513 997 672 1066 Bristoil.
731 997 849 1085 Super
882 1017 954 1086 quo
988 1015 1053 1084 per
1087 995 1266 1084 predictos
1296 995 1471 1085 Maiorem
1504 1007 1543 1066 et
1576 999 1737 1068 Belliuos
1765 999 1805 1068 in
1838 1002 2023 1072 hundredo

512 1135 671 1222 predicto
692 1143 897 1222 preoeptum
918 1141 974 1202 est
994 1131 1132 1220 pretam
1150 1131 1320 1202 seruienti
1341 1132 1438 1220 quod
1459 1132 1551 1204 seire
1569 1133 1702 1202 iaceret
1718 1134 1866 1222 prefatis
1885 1136 2023 1207 Thome

512 1271 649 1354 Wilres,
671 1273 828 1357 Johanni
852 1271 982 1359 Tynbi,
1006 1269 1191 1338 Willelmo
1212 1266 1383 1338 Wenstre
1410 1278 1448 1376 pt
1471 1268 1628 1353 Johenni
1653 1270 1803 1342 Rohent
1827 1272 1923 1359 quod
1948 1272 2022 1340 sint

511 1429 631 1480 eorem
667 1407 813 1496 pretatis
848 1408 987 1495 Maiore
1021 1418 1059 1475 et
1091 1405 1246 1474 Belliuis
1280 1405 1340 1473 die
1373 1405 1458 1475 lune
1492 1415 1626 1475 extunc
1665 1409 1827 1496 proxime
1861 1414 2025 1498 sequenti

512 1545 707 1616 ostensuris
730 1544 817 1632 quid
851 1561 917 1630 pro
945 1562 985 1610 se
1015 1541 1171 1609 heheent
1195 1541 1255 1610 vel
1287 1541 1404 1610 <liuere
1429 1541 1546 1619 scient
1571 1562 1681 1630 quere
1703 1545 1820 1616 dietus
1839 1544 2023 1630 Johennes

511 1681 594 1772 Guy
618 1681 866 1752 execuoionem
889 1697 1029 1748 summe
1059 1677 1218 1764 predicte
1242 1677 1288 1746 de
1317 1687 1512 1764 partesue
1543 1677 1725 1748 efferam
1754 1680 1824 1770 (stc)
1850 1683 1897 1750 de
1925 1693 2025 1752 tene·

511 1817 641 1888 menne
672 1826 710 1886 et
731 1815 855 1904 'shopis
884 1813 1053 1902 predictis
1075 1813 1209 1880 hebere
1238 1829 1312 1895 pon
1338 1812 1445 1881 debet
1472 1812 1578 1898 juxte
1605 1811 1755 1883 formem
1783 1816 2023 1885 oonoemionis

510 1952 678 2040 predicte
722 1951 782 2018 Ad
818 1967 924 2035 quem
949 1948 1043 2016 diem
1079 1947 1196 2016 dietus
1234 1946 1394 2016 wedene
1425 1948 1622 2016 mouneuit
1657 1950 1753 2036 quod
1778 1951 1869 2020 scire
1891 1951 2023 2022 iaceret

500 2090 658 2178 ,prefatis
672 2089 818 2170 ihome,
834 2085 1020 2155 Willelmo
1043 2083 1214 2152 Wenstre
1233 2092 1271 2152 et
1289 2083 1447 2168 Johenni
1466 2083 1616 2153 Rohent
1636 2105 1701 2174 per
1718 2086 1919 2173 Iohannem
1940 2087 2024 2156 Don

510 2236 549 2294 et
582 2227 782 2310 Johennem
808 2219 915 2312 Grey,
944 2220 1077 2308 probos
1111 2229 1178 2288 ete
1232 2217 1282 2286 Et
1313 2218 1464 2304 predicti
1496 2218 1664 2302 Thomu,
1693 2221 1876 2308 lohannes
1895 2221 2024 2312 Tynbi

510 2363 714 2432 wilielmus
748 2360 918 2429 Wenstre
947 2367 985 2427 et
1021 2357 1204 2444 Johmnes
1234 2356 1465 2443 solempniter
1499 2357 1628 2438 uuest,
1656 2356 1807 2444 predicti
1840 2358 2024 2443 Iohannes

509 2500 639 2588 Tynbi,
653 2497 858 2566 Willeimus
877 2504 914 2562 et
931 2493 1115 2579 Iohannes
1130 2491 1279 2561 Rohnnt
1288 2489 1447 2560 secenum
1464 2491 1644 2561 defaltum.
1688 2491 1775 2561 ideo
1789 2512 1853 2580 per
1866 2492 2024 2582 prelatos

396 2685 402 2699 .
509 2637 685 2725 Maiorem
715 2643 753 2704 et
781 2632 944 2703 Belliuos
974 2624 1235 2700 consideratum
1267 2638 1324 2700 ost
1355 2630 1450 2717 quod
1484 2628 1549 2698 fiet
1572 2629 1740 2700 exeorcio
1775 2631 1821 2700 de
1851 2632 1955 2701 tetris
1969 2705 1970 2710 ,
1985 2640 2023 2700 et

502 2771 725 2842 tenementis
756 2769 796 2837 in
831 2766 1058 2858 possessione
1089 2773 1127 2833 et
1161 2763 1296 2834 seisine
1327 2764 1564 2852 predictorum
1593 2765 1769 2849 Iohannis
1806 2765 1955 2835 Rohant
1986 2777 2024 2836 et

509 2887 685 2995 Johennis
715 2904 834 2994 Tynbi
863 2902 1110 2974 existentibus.
1154 2899 1204 2968 Et
1234 2863 1414 2988 pmdictus
1452 2899 1610 2970 Thomas
1643 2900 1771 2970 eres
1804 2902 1843 2970 in
1878 2904 2024 2991 proprie

510 3065 663 3134 persone
677 3064 742 3114 sue
755 3043 954 3132 eompamit
972 3049 1010 3108 et
1031 3036 1216 3128 respondit
1233 3045 1274 3108 vt
1295 3047 1421 3107 tenens
1435 3038 1481 3107 de
1498 3037 1601 3108 feodo
1614 3017 1853 3126 predictorum
1870 3040 2022 3110 euomm

511 3194 683 3254 terrerum
699 3192 737 3250 et
758 3190 1039 3252 tenementorum
1060 3188 1098 3248 et
1116 3178 1204 3246 dicit
1222 3177 1319 3266 quod
1338 3177 1456 3248 dietus
1467 3178 1651 3264 Jonmnes
1670 3176 1753 3270 Guy
1772 3181 2023 3249 execucionem

512 3315 597 3386 inde
615 3316 749 3384 hebere
772 3334 846 3384 non
873 3313 980 3396 dehet
998 3312 1085 3400 quia
1106 3311 1195 3381 dicit
1219 3313 1315 3399 quod
1341 3313 1404 3383 diu
1428 3323 1513 3384 ente
1538 3325 1605 3386 ete.

518 3619 792 3750 Grcordr'etnslu'p
822 3648 872 3748 os
893 3648 950 3723 the
982 3645 1155 3726 chilim
1178 3647 1228 3747 os
1257 3645 1421 3726 them
1449 3649 1605 3749 Rome,
1627 3653 1774 3750 jener,
1806 3651 1876 3730 late
1898 3655 2022 3731 citum

925 3799 1005 3875 arrd
1033 3799 1224 3889 merchant,
1263 3803 1311 3878 28
1347 3799 1455 3900 Sept..
1496 3821 1603 3897 1479.

490 4043 493 4050 -
643 3999 716 4068 Die
736 4000 821 4068 lune
843 4017 992 4086 vespere
1017 3997 1145 4068 Sancti
1176 3997 1368 4070 Michaelis
1390 3999 1622 4091 Archangeli,
1648 3995 1743 4068 anno
1773 4000 1876 4090 regni
1905 3999 2023 4090 Regis

513 4135 680 4208 Edwardi
694 4135 765 4224 iiij*
781 4145 1105 4224 postconquestum
1113 4135 1251 4206 decimo
1262 4132 1548 4228 none[1479]‚in
1558 4135 1737 4207 &huda
1744 4137 2022 4206 villeBristollie

512 4273 551 4342 in
575 4275 683 4362 pleno
704 4273 888 4343 hundredo
919 4271 1053 4342 ibidem
1077 4281 1177 4342 tento
1208 4291 1328 4342 eorem
1353 4271 1538 4342 Wrileimo
1567 4274 1736 4364 Spenoer,
1761 4283 1847 4344 hunc
1878 4273 2019 4362 Meiere

511 4409 596 4478 ville
634 4409 826 4491 Bristollie,
869 4408 970 4478 venit
998 4408 1206 4496 Mmperete
1244 4403 1397 4499 Rouiey
1434 4411 1482 4480 de
1519 4410 1714 4494 Bristollie,
1751 4410 1871 4490 vidue,
1907 4420 2024 4478 meter

511 4511 688 4616 Wriielmi
720 4547 881 4636 Rowley,
915 4547 1078 4635 junioris,
1112 4567 1226 4636 nuper
1259 4547 1449 4638 burgensis
1481 4559 1519 4620 et
1554 4549 1761 4620 nmuris
1797 4548 1893 4618 dicte
1924 4547 2020 4629 ville,

512 4695 550 4756 et
573 4685 780 4774 reeognouit
809 4706 850 4755 se
882 4687 1059 4774 reoepisse
1087 4687 1286 4758 mediam
1311 4707 1497 4778 corporum
1527 4687 1732 4776 Margarete
1760 4685 1923 4774 Rowley,
1947 4683 2023 4752 filie

512 4822 600 4892 neu
631 4822 805 4891 usnemu
836 4822 2020 4912 n0w1ey‚juntortsesssssxannommeeuoe0smsep

512 4959 738 5040 timenuum,
755 4958 963 5028 Eheebethe
983 4959 1134 5050 Rowley
1153 4958 1229 5031 filie
1249 4962 1336 5032 dieti
1356 4962 1531 5032 willelmi
1548 4961 1655 5032 stetis
1675 4971 1826 5050 quatuor
1846 4979 2020 5029 annorum

511 5107 549 5164 et
572 5094 810 5184 quadraginta
835 5104 970 5184 septem
996 5095 1285 5184 septimanarum,
1307 5097 1426 5168 Aiicie
1450 5097 1604 5188 Rowiey
1628 5098 1701 5168 filie
1722 5097 1810 5168 dicti
1831 5094 2019 5176 wilelmi,
