5230 6594
826 863 923 956 libe
947 862 1209 955 littletlee
1234 862 1437 954 boniol
1466 861 1654 954 tinent
1941 883 1989 962 st

483 1073 612 1162 viginti
653 1076 774 1161 pedes,
818 1077 941 1146 decem
982 1078 1131 1164 pollices
1173 1087 1211 1146 et
1246 1076 1451 1152 dimidium
1503 1074 1566 1161 qui
1600 1074 1743 1161 quidem
1779 1094 1900 1142 murus
1938 1073 1990 1142 sic

482 1218 705 1278 mansuersus
755 1213 917 1280 extendit
968 1231 1008 1280 se
1057 1213 1096 1280 in
1143 1213 1370 1301 longitudine
1412 1231 1435 1280 a
1475 1212 1635 1300 predicto
1684 1231 1785 1280 muro
1829 1209 1990 1296 eiusdem

482 1344 731 1416 Fretecnitatis
765 1348 805 1416 in
840 1357 943 1434 parte
982 1351 1129 1420 australi
1166 1369 1277 1440 usque
1316 1351 1364 1418 ad
1403 1357 1642 1418 tenementum
1675 1351 1771 1436 quod
1806 1347 1990 1434 Johannes

484 1480 607 1572 Spyne
647 1493 745 1552 tenet
772 1485 823 1552 'in
861 1495 964 1572 parte
1000 1487 1129 1558 boriali
1163 1497 1201 1556 et
1236 1488 1395 1556 continet
1422 1487 1572 1578 triginta
1606 1494 1687 1554 onto
1715 1487 1836 1572 pedes,
1865 1487 1989 1558 decem

482 1619 630 1706 pollices
673 1633 711 1688 et
753 1622 958 1702 dimidium
1004 1625 1128 1692 dictmt
1171 1624 1286 1694 οοὶεω
1330 1625 1425 1711 quod
1465 1633 1558 1692 terra
1596 1621 1756 1710 predicta
1793 1623 1832 1688 in
1872 1623 1990 1692 medio

482 1757 716 1844 longitudinis
744 1759 902 1844 ejusdem
930 1770 1022 1829 terre
1050 1781 1074 1828 a
1101 1762 1181 1830 vico
1210 1761 1367 1829 anterius
1395 1780 1506 1848 vsque
1535 1760 1581 1826 sd
1617 1759 1828 1828 cimiten'um
1865 1758 1991 1826 Sancti

479 1892 655 1979 Jobannis
682 1897 858 1982 postenm
892 1899 1051 1966 continet
1085 1899 1124 1968 in
1158 1899 1348 1969 latitudine
1387 1897 1647 1986 quinquaginta
1682 1897 1772 1964 duos
1807 1897 1916 1984 pedes
1952 1905 1990 1971 et

481 2031 678 2100 dimidium.
722 2033 769 2100 In
796 2034 899 2120 cnjus
925 2035 1028 2123 copie
1064 2035 1306 2104 testimonium
1343 2035 1501 2124 sigillum
1537 2031 1640 2120 officii
1679 2031 1877 2122 Majoratus
1904 2033 1990 2102 ville

480 2167 662 2238 Bristollie
710 2173 934 2259 presentibus
980 2183 1036 2242 est
1088 2193 1295 2261 appensum.
1361 2173 1496 2242 Datum
1539 2170 1720 2240 Bristollie
1755 2191 1819 2258 per
1861 2189 1989 2238 manus

478 2305 653 2390 Johennis
696 2305 793 2398 Sely,
830 2309 979 2397 Maioris
1021 2311 1179 2396 ejusdem
1222 2310 1317 2392 ville,
1357 2309 1525 2378 vicesimo
1563 2307 1715 2396 septimo
1753 2308 1813 2375 die
1855 2308 1989 2376 mensis

481 2439 711 2528 Septembnis.
768 2464 865 2513 anno
921 2448 1024 2534 regin
1073 2447 1191 2538 Regis
1242 2447 1391 2516 Henrici
1442 2447 1560 2533 quarti
1615 2455 1699 2532 post
1755 2455 1986 2532 conquestum

480 2580 691 2650 duodecimo
707 2577 849 2673 [1411]-

481 2802 568 2880 DE
648 2801 865 2881 OFFICIO
937 2803 1271 2882 PLANKAGII
1343 2804 1377 2881 C
1377 2803 1625 2882 ONCESSO
1698 2801 1990 2880 GALFRIDO

837 2952 1206 3047 SWYNBROKE,
1264 2961 1309 3032 18
1364 2956 1470 3054 Jan„
1528 2977 1634 3052 14³5·

1082 3103 1395 3195 ewen

610 3254 880 3326 Memorandum
895 3257 990 3343 quod
1003 3257 1063 3325 die
1076 3259 1160 3326 lune
1174 3257 1212 3326 in
1226 3255 1316 3326 festo
1331 3255 1464 3326 Sancte
1477 3257 1608 3340 Prisce,
1628 3256 1778 3344 virginis
1800 3253 1897 3346 [Jan.
1917 3253 1984 3350 iij,

479 3411 575 3460 anno
602 3393 705 3479 regni
732 3393 829 3482 regis
858 3393 1007 3462 Henrici
1036 3395 1129 3464 sexti
1157 3404 1239 3481 post
1274 3404 1504 3482 conquestum
1532 3393 1668 3482 Anglie
1699 3393 1809 3460 tercio
1844 3393 1983 3462 decimo

478 3525 820 3620 [1435],Johannes
844 3529 1019 3614 Fisscher,
1042 3531 1160 3620 Major
1187 3531 1271 3602 ville
1300 3531 1491 3612 Bristollie,
1519 3530 1701 3614 Johannes
1730 3528 1922 3618 Englisscb
1947 3539 1984 3596 et

477 3663 633 3734 'l'homas
661 3665 817 3752 Markes,
847 3665 982 3734 Balliui
1008 3669 1167 3754 eiusdem
1195 3669 1289 3752 ville,
1319 3688 1366 3736 ex
1394 3688 1542 3736 assensu
1564 3677 1601 3736 et
1625 3687 1802 3734 consensu
1825 3665 1980 3732 virorum

476 3803 667 3886 proborum
696 3813 733 3870 et
761 3803 993 3874 discretorum
1029 3803 1259 3892 burgensium
1294 3804 1491 3872 communis
1527 3801 1666 3870 consilii
1702 3802 1860 3888 eiusdem
1897 3798 1982 3866 ville

475 3957 540 4023 per
580 3939 788 4007 mandatum
827 3939 915 4010 dicti
951 3941 1100 4028 Maioris
1137 3943 1382 4024 adunatorum,
1416 3947 1663 4008 conoessenunt
1699 3946 1736 4004 et
1775 3927 1985 4002 dimiserunt
2136 4009 2148 4026 ,

477 4073 638 4144 Galliido
679 4073 900 4164 Swynbroke
937 4077 984 4143 de
1021 4077 1146 4144 eadem
1186 4075 1372 4146 mercatori
1411 4073 1564 4142 officium
1603 4073 1784 4162 plancegii
1822 4073 1982 4159 ejusdem

474 4213 561 4282 ville
587 4233 668 4282 cum
697 4217 862 4285 omnibus
893 4214 1204 4284 commoditatibus
1234 4223 1271 4282 et
1307 4211 1554 4282 emolumentis
1588 4213 1747 4300 predicto
1782 4209 1897 4280 officio
1934 4215 1981 4280 ab

476 4351 622 4437 antiquo
656 4353 702 4420 de
732 4353 813 4440 jure
851 4354 1084 4441 quouismodo
1120 4351 1387 4441 pertinentibus
1447 4350 1673 4432 Hebendum
1714 4351 1905 4418 tenendum
1944 4361 1981 4418 et

475 4491 710 4558 exmoendum
725 4490 878 4560 officium
892 4493 1073 4580 plancagii
1092 4491 1290 4579 predictum
1310 4511 1462 4558 mecum
1482 4489 1648 4558 omnibus
1670 4490 1979 4558 commoditatibus

474 4636 512 4693 et
539 4627 788 4695 emolumentis
824 4631 872 4696 ad
906 4628 1040 4696 dictum
1076 4627 1229 4696 officium
1264 4626 1497 4714 quouismodo
1535 4627 1581 4693 de
1616 4627 1696 4712 jure
1735 4626 1978 4712 spectantibus

475 4763 552 4830 siue
579 4765 838 4851 pertinentibus
865 4765 1002 4852 prefato
1031 4763 1191 4834 Galirldo
1219 4765 1267 4832 ad
1295 4763 1484 4832 terminum
1511 4763 1585 4831 vite
1613 4783 1677 4830 sue
1700 4761 1820 4844 libere,
1846 4763 1976 4851 quiete,

474 4901 576 4983 bene,
605 4902 744 4992 integre
772 4913 809 4972 et
839 4903 877 4971 in
905 4924 1004 4990 pene,
1033 4905 1124 4972 adeo
1151 4905 1257 4991 plene
1287 4911 1325 4972 et
1353 4903 1491 4991 integre
1519 4913 1624 4988 prout
1650 4902 1833 4986 Johannes
1861 4901 1975 4990 Parys

474 5036 563 5106 illud
590 5037 744 5108 officium
772 5042 871 5128 prius
898 5043 1013 5112 tenuit
1044 5051 1082 5110 et
1116 5044 1307 5132 gaudebat,
1342 5043 1486 5131 prouiso
1522 5061 1660 5128 semper
1695 5046 1791 5132 quod
1826 5043 1978 5131 ipsemet

475 5169 654 5244 Galfiidus
675 5177 808 5248 dicmm
830 5176 983 5248 officium
1003 5199 1167 5250 exercere
1187 5191 1250 5250 aut
1263 5199 1436 5266 occupem
1450 5177 1555 5272 [non]
1569 5191 1750 5270 presumat
1763 5183 1973 5272 aliterquam
