5194 6602
619 843 694 898 κιο
959 817 1056 908 bile
1079 816 1219 908 little
1242 817 1341 907 Rei>
1367 820 1497 910 Book
1521 820 1572 911 of
1601 820 1791 913 timul

611 1031 843 1118 procinctum,
867 1039 1008 1118 portum
1033 1040 1096 1099 aut
1120 1030 1262 1118 singula
1286 1033 1366 1100 loca
1390 1033 1549 1118 predicta
1573 1055 1638 1122 per
1661 1045 1792 1104 terram
1817 1035 1876 1104 vel
1900 1056 1966 1124 per
1989 1057 2120 1124 aquam

613 1169 662 1236 ad
692 1168 827 1256 aliquid
854 1168 944 1236 inibi
972 1169 1067 1255 quod
1097 1167 1144 1236 ad
1176 1167 1330 1238 officium
1367 1169 1643 1242 Admirullitatis
1670 1173 1826 1261 partinet
1854 1193 1919 1242 seu
1946 1174 2123 1262 pertinere

612 1306 745 1392 poterit
781 1303 981 1373 faciendum
1021 1325 1084 1372 seu
1122 1305 1378 1374 excercendum
1419 1307 1619 1394 aliqualiter
1656 1309 1876 1414 ingredietur
1912 1329 1975 1379 seu
2003 1309 2124 1400 ingre·

616 1444 760 1512 dianhur
787 1463 849 1512 seu
886 1463 925 1510 se
961 1451 1023 1510 aut
1058 1462 1180 1510 eorum
1217 1441 1372 1530 aliquem
1406 1441 1500 1510 infra
1531 1446 1666 1530 villam,
1695 1448 1914 1528 eomitatum,
1944 1449 2124 1532 suburbia,

615 1581 826 1666 libertatem,
856 1592 1007 1670 portum,
1036 1583 1255 1669 procinctum
1290 1589 1353 1650 aut
1380 1583 1461 1651 loca
1491 1582 1651 1670 predicta
1679 1583 1881 1671 aliqualiter
1908 1584 2122 1654 intromittat

615 1739 681 1788 seu
724 1720 973 1800 intromittent,
1016 1718 1156 1787 Dentes
1199 1727 1319 1786 autern
1369 1719 1571 1807 hujusmodi
1615 1719 1800 1788 admiralio
1843 1741 1886 1788 ac
1929 1721 2124 1788 wmbdlia

616 1857 750 1926 nostris
777 1867 815 1926 et
842 1856 1011 1924 heredum
1041 1864 1240 1923 nostrorum
1268 1875 1334 1941 pro
1364 1865 1523 1940 tempore
1551 1855 1785 1924 existentibus
1815 1875 1856 1923 ac
1885 1875 2005 1924 eorum
2031 1857 2126 1926 loca»

618 1995 831 2076 tenentibus,
856 1991 1118 2072 commissariis,
1144 1987 1333 2070 officiariis,
1362 1989 1657 2074 procuratoribus,
1682 1989 1861 2076 deputetis
1890 1999 1927 2058 et
1955 1989 2127 2058 ministris

617 2143 657 2200 et
685 2151 805 2200 eorum
836 2131 981 2199 oudinet
1006 2130 1073 2196 sub
1099 2126 1204 2216 graui
1228 2125 1449 2193 forisfactura
1473 2123 1630 2192 omnium
1655 2143 1724 2210 que
1749 2124 1853 2191 nobis
1877 2133 1915 2192 et
1939 2123 2127 2192 heredibus

618 2271 750 2338 nostris
800 2267 1000 2337 forisfacere
1048 2263 1218 2352 poterint
1247 2272 1370 2330 tenore
1413 2259 1633 2349 presencium
1676 2259 1823 2330 firmiter
1864 2261 1903 2328 in
1945 2261 2125 2329 mandatis

616 2408 713 2495 quod
738 2406 808 2494 ipsi
836 2416 874 2473 et
901 2423 1023 2472 eorum
1052 2401 1202 2490 quilibet
1231 2420 1338 2486 super
1365 2400 1444 2467 sola
1478 2399 1701 2466 exhibicione
1729 2418 1793 2465 seu
1820 2400 2125 2470 demonstracione

616 2542 837 2632 presencium
876 2541 1042 2609 omnibus
1079 2549 1116 2606 et
1158 2537 1310 2626 singulis
1339 2534 1524 2628 premissis
1551 2544 1765 2624 percantet
1793 2537 1962 2606 obediant
1991 2539 2125 2626 absque

614 2673 738 2768 aliquo
774 2677 875 2748 breui
913 2698 977 2745 seu
1016 2676 1136 2762 aliquo
1176 2675 1247 2743 alio
1283 2685 1451 2760 processu
1481 2693 1543 2742 seu
1579 2673 1748 2740 mandato
1777 2671 1913 2741 iubae
1940 2683 2042 2761 parte
2070 2674 2124 2742 els

616 2817 813 2905 dirigendo,
851 2813 1096 2902 prosequendo
1137 2831 1200 2878 seu
1238 2811 1433 2898 optinendo
1471 2811 1508 2876 in
1546 2809 1700 2878 futurum
1737 2829 1782 2877 ea
1818 2810 1857 2877 in
1897 2811 2018 2897 aliquo
2051 2829 2124 2878 non

619 2951 928 3031 contr-eueniendo,
951 2948 1114 3036 eoquod
1142 2965 1311 3035 expressa
1341 2946 1478 3014 mencio
1506 2947 1551 3014 de
1578 2967 1663 3014 vero
1690 2947 1811 3015 valore
1840 2967 1960 3016 annuo
1988 2957 2051 3016 aut
2078 2949 2124 3015 de

617 3091 738 3177 aliquo
778 3087 849 3156 alio
887 3087 1008 3154 valore
1044 3086 1202 3152 omnium
1243 3094 1281 3151 et
1320 3083 1540 3171 singulorum
1579 3083 1830 3171 premissorum
1867 3093 1931 3152 aut
1963 3085 2009 3152 de
2043 3083 2124 3154 aliis

615 3227 721 3296 donis
759 3235 797 3293 et
836 3221 1122 3292 concessionibus
1159 3222 1293 3290 eisdem
1329 3221 1461 3308 Majori
1496 3231 1534 3288 et
1569 3220 1822 3291 communitati
1850 3232 1913 3289 aut
1940 3224 2123 3310 predeces-

616 3363 756 3432 soribus
792 3360 866 3428 suis
894 3379 959 3446 per
993 3377 1060 3425 nos
1093 3377 1156 3424 seu
1184 3358 1429 3445 progenitores
1457 3368 1598 3425 nostros
1626 3368 1709 3427 ante
1738 3359 1805 3428 hec
1831 3369 1994 3446 tempora
2021 3359 2124 3428 fectis

615 3502 655 3568 in
676 3499 899 3586 presentibus
924 3496 1070 3563 minime
1093 3494 1189 3564 fecte
1213 3495 1345 3577 existit,
1369 3504 1430 3562 aut
1456 3495 1633 3583 aliquibus
1656 3495 1809 3576 statutis,
1824 3495 2122 3582 ordinacionibus,

615 3636 890 3725 prouisionibus,
941 3633 1090 3702 actubus
1133 3653 1198 3700 seu
1244 3631 1528 3700 restriccionibus
1571 3633 1608 3698 in
1657 3633 1872 3701 cenuvium
1915 3632 2019 3703 fae&
2062 3656 2125 3704 seu

615 3773 789 3841 faciendis
811 3769 1139 3838 nonobstantibus.
1184 3767 1229 3834 In
1259 3768 1357 3834 cuius
1379 3769 1430 3834 rei
1451 3769 1693 3836 testimonium
1720 3769 1788 3836 hes
1815 3769 1954 3838 litteras
1985 3781 2125 3840 nostras

617 3910 695 3978 fieri
727 3909 875 3978 fecimus
902 3915 1077 3993 patentes.
1122 3901 1245 3995 [Teste
1270 3904 1375 3992 Rege
1405 3905 1500 3990 apud
1528 3903 1885 3973 westmonasterium
1914 3907 2037 3993 quinto
2065 3908 2125 3978 die

617 4045 814 4127 Februarii,
843 4039 1004 4136 [1446].]¹

837 4181 925 4247 ihis
965 4187 1072 4266 grant
1111 4177 1144 4244 is
1182 4179 1323 4246 noth-ed
1351 4180 1402 4266 by
1428 4178 1571 4246 Barrett
1602 4179 1640 4245 in
1672 4178 1730 4247 his
1754 4177 1896 4269 Haitory
1919 4179 1957 4268 cd
1983 4177 2125 4258 antol.

921 4337 958 4404 p.
986 4335 1058 4400 175,
1092 4335 1132 4382 as
1164 4315 1275 4403 being
1305 4317 1411 4384 made
1438 4319 1488 4405 by
1515 4317 1610 4385 Heu.
1642 4317 1705 4384 IV.
1750 4317 1785 4384 It
1813 4317 1845 4384 is
1873 4319 1938 4385 no't
1962 4317 2126 4386 included

923 4453 961 4518 in
985 4450 1126 4541 Seyer's
1158 4450 1315 4519 claren
1339 4451 1383 4542 of
1408 4453 1549 4536 Braitol,
1577 4455 1642 4522 but
1675 4455 1721 4522 he
1755 4451 1863 4521 refers
1888 4464 1925 4520 to
1955 4454 2044 4520 itin
2065 4455 2127 4522 the

922 4589 1074 4677 preface,
1096 4610 1133 4676 p.
1155 4610 1226 4671 xv,
1241 4591 1358 4658 where
1380 4591 1426 4658 he
1448 4593 1603 4658 ascribes
1624 4592 1654 4659 it
1681 4601 1720 4658 to
1749 4610 1790 4672 24
1821 4589 1916 4658 Heu.
1946 4590 2010 4658 IV.
2041 4589 2122 4680 (scil.

922 4723 976 4792 At
1004 4726 1066 4792 the
1094 4725 1165 4792 end
1190 4725 1223 4793 is
1248 4746 1272 4792 a
1297 4736 1380 4794 note
1406 4726 1447 4794 of
1467 4728 1528 4795 the
1552 4725 1797 4794 confirmation
1818 4728 1868 4815 by
1889 4725 2042 4794 Edwurd
2063 4725 2127 4794 1v.

924 4861 962 4927 in
996 4865 1089 4946 14⁶1,
1115 4864 1181 4930 but
1207 4862 1268 4930 the
1291 4865 1431 4932 charter
1454 4864 1495 4932 of
1514 4866 1575 4933 the
1600 4865 1706 4932 latter
1730 4865 1901 4931 monarcb
1922 4863 1964 4952 (v.
1987 4861 2129 4952 Seyers

928 4997 1096 5083 charon,
1141 5000 1210 5070 No.
1248 5001 1370 5091 XXI.)
1406 5003 1439 5070 is
1481 5003 1601 5070 rather
1648 5020 1672 5069 a
1718 5021 1798 5070 new
1836 5009 1944 5088 grem
1980 5001 2068 5068 than
2106 5020 2130 5068 a

929 5134 1185 5205 confirmation.

1079 5270 1690 5343 ‘Suppllediromhtentliohulimvh
