5230 6594
653 851 701 942 ss
984 841 1082 933 che
1106 843 1244 937 little
1268 847 1367 937 ileo
1392 843 1521 934 bools
1546 845 1597 936 ot
1618 845 1806 936 tumul.

652 1059 799 1146 antiquo
852 1059 1008 1128 exmceri
1061 1067 1098 1127 et
1153 1061 1318 1148 occupari
1372 1069 1579 1129 consuetum
1629 1058 1707 1141 fuit,
1764 1058 1963 1126 Reddendo
2009 1059 2156 1144 proinde

651 1191 836 1260 annuatim
875 1191 1023 1280 prefatis
1060 1195 1201 1282 Maiori,
1241 1194 1403 1276 Bellium,
1442 1204 1480 1262 et
1519 1193 1780 1262 successorihus
1816 1193 1891 1262 suis
1925 1193 2057 1280 viginti
2092 1215 2157 1262 sex

651 1331 785 1399 solidos
824 1340 862 1399 et
901 1339 983 1400 octo
1018 1333 1184 1401 denarios
1218 1333 1312 1402 hone
1341 1343 1378 1401 et
1412 1333 1541 1422 legalis
1576 1341 1718 1399 monem
1753 1329 1887 1419 Anglie
1924 1331 1971 1397 ad
2005 1341 2158 1419 quatuor

652 1467 737 1534 anni
778 1468 948 1536 terminos
987 1469 1026 1536 in
1067 1469 1164 1536 dicta
1206 1469 1293 1538 uilla
1335 1469 1518 1536 Bristollie
1560 1487 1766 1536 communes
1807 1478 1846 1537 et
1879 1471 2022 1536 usuales
2056 1470 2157 1556 equis

650 1607 888 1691 porcionibus.
932 1608 980 1676 Et
1009 1628 1081 1676 non
1109 1609 1231 1678 licebit
1266 1608 1363 1676 dicto
1399 1607 1558 1676 Galffido
1596 1607 1729 1675 dictum
1765 1605 1918 1675 officium
1956 1607 2063 1674 alicui
2099 1607 2157 1674 vel

651 1743 830 1832 aliquibus
865 1744 1042 1813 dimittere
1081 1756 1143 1814 aut
1178 1747 1370 1817 concedere
1406 1747 1555 1814 durante
1591 1743 1743 1812 termino
1780 1743 1983 1830 supradicto
2022 1745 2158 1830 absque

651 1881 800 1948 licencia
825 1884 973 1970 speciali
997 1885 1170 1954 dictorum
1196 1885 1345 1972 Maioris
1369 1892 1405 1953 et
1428 1883 1649 1952 Balliuorum
1670 1891 1732 1948 aut
1752 1899 1992 1948 successorum
2015 1899 2157 1946 suorum

651 2017 794 2085 adhoc
823 2027 970 2106 optenta
997 2021 1131 2108 pariter
1158 2031 1196 2090 et
1223 2041 1403 2090 concessa.
1461 2019 1510 2086 Et
1541 2020 1573 2086 si
1601 2019 1781 2106 predictus
1810 2017 1974 2085 annuahs
1999 2015 2156 2085 redditus

649 2152 697 2218 ad
726 2154 880 2239 aliquem
909 2157 1098 2224 terminum
1127 2179 1199 2244 quo
1228 2159 1320 2227 solui
1356 2159 1485 2227 debeat
1522 2167 1639 2226 aratro
1674 2157 1779 2224 literit
1815 2155 1852 2222 in
1888 2165 1990 2242 parte
2025 2155 2083 2222 vel
2118 2155 2156 2220 in

649 2299 725 2358 coto
753 2311 817 2378 per
846 2303 998 2381 quatuor
1026 2295 1244 2381 septimanas
1272 2317 1345 2365 non
1376 2297 1512 2366 solutus
1540 2297 1636 2382 quod
1665 2305 1750 2363 tunc
1781 2296 1873 2362 bene
1908 2293 2014 2360 liceat
2049 2291 2155 2360 dictis

647 2425 780 2512 Maiori
807 2440 844 2498 et
873 2431 1025 2502 Balliuis
1057 2442 1094 2500 et
1129 2435 1392 2504 successoribus
1428 2435 1502 2504 suis
1539 2434 1752 2522 distringere
1787 2431 1921 2500 dictum
1958 2429 2155 2500 Galfiidum

647 2583 713 2649 por
740 2567 862 2634 omnia
888 2567 986 2635 bona
1014 2588 1080 2636 sus
1108 2590 1177 2655 que
1202 2571 1313 2640 habet
1345 2569 1437 2640 infra
1472 2572 1656 2640 libertates
1692 2579 1730 2638 et
1758 2569 1882 2638 villam
1911 2567 2092 2636 Bristollie
2120 2577 2157 2635 et

649 2701 893 2769 districtiones
932 2704 984 2772 sic
1022 2715 1146 2792 captas
1186 2707 1361 2776 abducere
1401 2716 1438 2776 et
1476 2717 1659 2796 asportare
1698 2718 1735 2776 et
1770 2727 1880 2794 penes
1915 2727 1977 2774 eos
2005 2705 2158 2774 retinere
2295 2751 2297 2756 -

648 2857 832 2924 quousque
859 2839 905 2907 de
933 2839 1030 2908 dicto
1058 2843 1197 2910 redditu
1225 2863 1378 2912 unacum
1406 2844 1596 2932 arreragiis
1627 2845 1658 2912 si
1683 2857 1753 2930 que
1773 2843 1903 2912 fuerint
1924 2843 1977 2910 eis
1998 2843 2157 2930 plenarie

646 2971 753 3041 merit
788 2975 1020 3044 sannacmm.
1090 2979 1139 3046 Et
1178 2981 1209 3048 si
1244 2981 1361 3050 dicbus
1396 2980 1577 3050 Galfridus
1613 2982 1723 3050 nichil
1758 2983 1921 3050 habuerit
1956 3001 2021 3068 per
2059 2983 2155 3069 quod

647 3109 814 3198 distringi
853 3114 985 3198 poterit
1023 3113 1115 3181 inira
1152 3115 1276 3183 villam
1318 3117 1394 3186 siue
1435 3117 1637 3187 libertatem
1676 3118 1872 3206 predlctam
1909 3138 1974 3204 pro
2013 3117 2156 3184 redditu

645 3248 817 3334 predicto,
852 3260 914 3316 aut
950 3249 982 3318 si
1018 3250 1135 3318 dictus
1171 3249 1352 3322 Galiridus
1393 3255 1567 3323 dimiserit
1605 3262 1667 3322 aut
1704 3253 1917 3324 concesserit
1955 3253 2062 3321 alicui
2097 3254 2157 3320 vel

647 3384 825 3472 aliquibus
872 3384 1026 3454 officium
1077 3389 1274 3475 predictum
1314 3399 1439 3459 contra
1476 3391 1625 3460 formam
1664 3391 1859 3478 predictam
1898 3401 2030 3458 extunc
2065 3392 2156 3458 bene

646 3521 769 3589 licebit
796 3521 902 3590 dictis
929 3522 1060 3610 Majori
1090 3536 1127 3594 et
1155 3526 1307 3598 Balliuis
1336 3539 1373 3596 et
1403 3529 1666 3598 successoribus
1697 3529 1772 3597 suis
1799 3529 1934 3597 dictum
1959 3525 2157 3596 Galsridum

647 3655 825 3742 expellere
865 3659 913 3724 ab
953 3657 1068 3727 officio
1105 3661 1264 3748 predicto
1305 3663 1576 3752 imperpetuum,
1605 3664 1813 3732 dimissione
1855 3674 1892 3732 et
1930 3663 2157 3732 concessione

617 3819 619 3826 ⁴
648 3790 808 3876 predicta
836 3790 875 3858 in
904 3792 1024 3882 aliqw
1053 3815 1125 3864 non
1155 3799 1331 3867 obstante.

779 4011 928 4100 Precipe
964 4014 1016 4130 hy
1054 4015 1215 4085 Richard
1254 4019 1303 4087 11.
1344 4030 1383 4089 to
1420 4023 1482 4090 the
1518 4023 1646 4112 Mayor
1677 4027 1749 4092 and
1785 4021 1922 4092 Sheriff
1952 4019 1995 4090 of
2024 4023 2158 4090 Bristol

648 4148 835 4236 enjoining
848 4149 928 4216 that
956 4150 1019 4218 the
1047 4151 1192 4221 citizens
1220 4154 1262 4222 of
1287 4155 1486 4226 Rochester
1512 4161 1559 4228 be
1587 4159 1661 4228 free
1689 4161 1731 4229 oi
1753 4161 1818 4228 toll
1845 4159 1901 4230 for
1927 4159 2021 4228 their
2044 4160 2157 4246 goods

649 4281 867 4370 throughout
895 4283 1077 4369 Euglnud,
1107 4306 1148 4352 as
1176 4287 1210 4355 is
1238 4291 1390 4376 granted
1418 4293 1559 4380 hythe
1588 4294 1728 4364 charter
1755 4293 1797 4362 of
1816 4295 1985 4364 libertiee.
2039 4293 2158 4362 Dated

649 4415 911 4498 westminster,
942 4423 981 4486 18
1011 4418 1109 4502 Feb„
1139 4441 1158 4506 5
1189 4422 1271 4490 Ric.
1302 4425 1352 4493 11.
1384 4423 1516 4520 [¹³8²]-

474 4711 581 4764 r.11u›.
657 4692 869 4772 CESTE·
926 4697 1055 4777 EST
1119 4703 1355 4784 LORDE·
1470 4707 1669 4786 THISIS
1689 4706 1805 4786 THE
1824 4704 2161 4786 ORDINANCE

653 4843 897 4925 NAUNCE
938 4849 1116 4929 FAITE
1150 4854 1244 4932 EN
1276 4857 1358 4934 LA
1458 4857 1635 4937 MADE
1679 4858 1754 4935 IN
1800 4855 1917 4933 THE
1962 4853 2160 4932 GUILD-

659 4993 965 5075 GILHALLE
1046 5001 1133 5080 DE
1210 5006 1357 5085 BRIS-
1459 5007 1622 5086 HALL
1676 5007 1750 5084 OF
1791 5004 2032 5084 BRISTOL
2086 5004 2169 5078 BV

662 5142 702 5218 T
699 5145 819 5222 UYT
838 5147 959 5224 PAR
984 5149 1105 5228 LEZ
1127 5154 1365 5234 PRODEZ
1468 5158 1584 5236 THE
1611 5155 1762 5236 GOOD
1786 5156 1927 5233 ΜΕΝ
1946 5153 2021 5232 OF
2044 5152 2161 5231 THE
